2918 4564
550 241 660 294 aurur
678 241 743 308 us
763 245 870 297 14-19.
1205 241 1244 304 'tu

169 417 279 478 clarus.
308 415 405 477 Aliter
417 416 498 476 enim
513 424 601 494 atque
615 415 753 478 enitescit
770 417 851 478 velut
872 417 980 496 pabulo
1002 418 1124 482 laetiore
1139 420 1244 482 lacun-

170 501 219 562 dia
234 509 265 562 et
278 501 400 563 adsidua
414 501 643 562 contentionum
658 501 816 581 asperitato
831 503 948 580 fatigata
965 513 1133 565 renovatur.
1163 505 1244 578 Qua·
1266 516 1295 568 tc

169 595 296 666 propter
311 586 450 648 historiae
465 597 691 666 nonnumquam
713 586 834 648 ubertas
854 586 884 648 in
901 586 998 666 alique
1013 591 1171 651 exercendi
1184 591 1245 652 stili

171 681 255 750 parte
270 671 418 750 ponenda,
433 681 464 732 et
478 672 661 752 dialogorum
681 671 814 733 lihcrtate
828 671 1027 750 gestiendum.
1055 673 1099 734 Ne
1114 677 1244 737 carmine

171 756 289 836 quidem
305 755 407 817 ludere
423 757 605 819 contrarium
619 757 722 833 luerit3
743 757 820 818 sicut
833 757 969 830 athletae,
985 759 1107 819 remissa
1122 759 1245 838 quihus-

112 867 119 876 ·
170 841 237 902 dam
252 841 436 921 temporibus
450 841 584 903 ciborum
601 849 688 922 atque
704 842 947 904 exercitationum
964 851 1044 903 certa
1059 844 1244 919 necessitate,

170 927 231 987 otio
247 934 277 987 et
291 927 517 988 iucundioribus
532 927 626 1007 epulis
637 927 820 988 reficiuntur.
852 926 982 1007 Ideoque
994 929 1066 988 mihi
1076 929 1192 990 videtur
1206 929 1244 991 ll.
1267 939 1295 992 16

170 1010 284 1073 'lhrllius
299 1018 416 1073 tantum
430 1012 565 1074 intulisse
582 1012 768 1091 eloquentiae
783 1013 895 1087 lumen,
911 1013 992 1092 quod
1007 1013 1038 1073 in
1053 1014 1109 1075 hos
1124 1031 1243 1094 quoque

169 1097 335 1158 studiorum
350 1115 484 1158 secessus
500 1097 639 1158 excurrit.
668 1097 742 1158 Nam
757 1097 782 1158 si
797 1097 884 1159 uehis
895 1098 956 1159 sola
969 1098 1089 1159 materia
1105 1100 1195 1161 fuerit
1208 1117 1243 1160 ex

169 1181 279 1255 litibus,
297 1200 418 1244 necesse
434 1191 478 1243 est
493 1183 642 1245 deteratur
657 1183 756 1262 lulgor
777 1191 807 1243 ct
827 1185 964 1267 durescat
978 1183 1120 1246 amiculus
1134 1195 1164 1246 et
1179 1185 1243 1265 ipse

169 1267 218 1327 ille
233 1285 337 1328 mucro
352 1263 464 1347 ingenii
479 1268 626 1330 cotidiana
641 1285 741 1347 pugna
756 1269 941 1330 retundatur.

254 1352 311 1413 Sed
328 1352 574 1430 quemadmodum
597 1352 766 1414 forensibus
786 1353 1001 1416 certaminibus
1022 1355 1198 1418 exercitatos
1213 1364 1243 1417 et
1264 1363 1292 1415 tt

169 1437 252 1516 quasi
267 1437 426 1498 militantes
440 1437 536 1498 reiicit
550 1455 585 1498 ao
598 1444 717 1517 reparat
730 1437 803 1497 haec
820 1437 899 1498 uelut
919 1439 1020 1518 eagina
1043 1439 1175 1501 dicendi:
1199 1441 1242 1502 sic

167 1522 373 1583 adulescentes
387 1539 450 1582 non
462 1521 573 1583 decem
588 1522 712 1583 nimium
728 1522 760 1582 in
775 1522 844 1584 salse
857 1541 958 1584 rerum
970 1524 1099 1604 imagine
1114 1525 1241 1586 detineri

168 1615 199 1666 et
218 1607 358 1667 inanibus
381 1606 545 1667 simulacris
565 1626 660 1686 usque
683 1607 765 1680 adeo,
788 1614 822 1667 ut
836 1607 962 1669 difficilis
977 1608 1014 1670 ab
1029 1609 1075 1670 his
1091 1610 1241 1689 digressus

8 1671 21 1688 ”
53 1755 54 1758 ,
167 1690 215 1764 sit,
236 1691 420 1764 adsuescere,
442 1709 480 1752 nc
502 1693 538 1752 ah
553 1691 611 1766 illa,
634 1693 665 1753 in
687 1709 744 1772 que
766 1709 860 1771 prope
879 1704 1115 1769 consenuerunt,
1137 1696 1241 1758 umbra

168 1793 234 1835 vera
256 1774 425 1856 discrimina
445 1776 524 1837 velut
547 1777 692 1855 quendam
715 1777 806 1838 solem
827 1778 1029 1840 reformident.
1061 1780 1147 1852 Quod
1163 1781 1241 1842 acci·
1264 1788 1292 1840 18

168 1861 246 1922 disse
260 1861 347 1921 etiam
362 1861 467 1922 Porcio
484 1861 614 1936 Latroni,
638 1863 689 1941 qui
712 1863 826 1943 primus
846 1864 917 1924 clari
941 1865 1070 1926 nominis
1088 1867 1240 1944 professor

167 1945 232 2019 luit,
247 1945 383 2019 traditur,
399 1954 441 2021 ut,
457 1963 524 2006 cum
540 1948 566 2007 ei
582 1965 726 2008 summam
740 1948 772 2008 iu
787 1948 896 2009 scholis
907 1949 1080 2028 opinionem
1093 1949 1241 2012 obtinenti

167 2049 254 2095 causa
268 2031 299 2092 ia
315 2032 380 2092 loro
396 2040 473 2092 esset
487 2033 608 2106 oranda,
631 2032 756 2111 inpense
774 2031 900 2111 petierit,
923 2032 965 2094 uti
987 2033 1124 2094 subsellia
1140 2035 1171 2096 in
1188 2035 1240 2096 ha·

166 2115 277 2176 silicam
298 2117 540 2178 transferrentur.
570 2117 612 2177 lm
628 2117 669 2178 illi
684 2117 797 2178 caelum
810 2135 920 2178 novum
934 2117 999 2192 fuit,
1015 2128 1049 2180 ut
1064 2119 1161 2182 omnis
1177 2120 1240 2184 eius

166 2201 333 2279 eloquentie
349 2201 497 2263 contineri
508 2209 587 2262 tecto
599 2221 633 2263 ac
644 2202 804 2282 parietibus
818 2202 977 2264 videretur.
1004 2203 1102 2275 Quare
1117 2205 1240 2280 iuvenis,
1262 2212 1291 2264 19

164 2285 216 2364 qui
230 2286 376 2347 rationem
391 2286 561 2348 inveniendi
574 2287 790 2366 eloquendique
802 2305 817 2348 a
828 2289 1073 2368 praeceptoribus
1083 2289 1240 2370 diligenter

163 2417 377 2472 hinzuzudenhcn
401 2420 436 2471 iet
458 2419 503 2472 der
520 2419 619 2488 Beqrill
633 2423 674 2472 iac
758 2423 864 2486 umbro,
875 2422 911 2473 ist
922 2421 961 2472 als
973 2421 1116 2489 degenerata
1128 2438 1161 2474 au
1174 2439 1238 2474 cera

165 2488 246 2536 ceals.
725 2489 882 2540 discrimino
898 2489 953 2547 ,und
965 2489 1007 2539 sol
1017 2490 1132 2555 weniger
1143 2490 1238 2543 hblich.

195 2553 674 2621 peduloloeta'ora,vgl.Vlll‚Prooem.
759 2559 793 2608 ad
810 2557 867 2618 illo,
886 2559 1032 2622 at=poat,
1050 2558 1101 2608 wia
1118 2556 1186 2609 diter
1196 2558 1239 2611 bei

166 2623 211 2674 23:
233 2621 305 2671 arelat
322 2623 391 2672 laeto
405 2625 540 2686 gramine.
725 2623 810 2684 Quint
833 2623 885 2675 und
910 2624 990 2676 achon
1015 2624 1057 2676 hei
1075 2625 1161 2678 Livius
1178 2627 1238 2678 sehr

202 2690 674 2755 15.lietcrioo-ubertaa,vgl.l,3l.
725 2689 813 2757 htufig
844 2691 910 2743 nach
939 2692 997 2744 dem
1026 2691 1163 2759 Vomenqe
1192 2693 1238 2746 der

195 2757 372 2822 gestiendum,
390 2772 449 2809 man
467 2761 542 2823 mdssc
559 2759 614 2810 sich
627 2759 673 2811 lrei
724 2757 835 2811 Dichter.

164 2825 267 2891 ergehn,
286 2825 341 2878 sich
357 2825 457 2892 gutlich
475 2826 547 2878 thun.
764 2831 802 2882 tc.
832 2829 928 2880 Porcio
940 2827 1064 2895 Leuant,
1081 2827 1124 2894 lu,
1137 2829 1239 2896 Zeitge·

199 2896 373 2958 contrarium,
391 2888 600 2962 ςιντεοὶιινίὀτίςῖ
726 2909 803 2948 nosse
821 2895 867 2947 des
884 2894 1025 2961 Angustus.

198 2964 319 3013 cilonem
343 2991 376 3000 -
397 2963 497 3029 multa,
524 2963 564 3015 ein
589 2963 676 3015 Chias·
756 2963 906 3030 profitetur,
924 2965 965 3016 ein
984 2963 1058 3018 Wort
1076 2965 1121 3017 der
1137 2964 1238 3018 llaiser·

163 3043 228 3083 mua.
726 3033 789 3096 neit,
816 3047 868 3084 ron
888 3033 1016 3097 profiteri
1039 3038 1124 3084 artem
1148 3033 1238 3099 herge-

198 3101 237 3152 16.
256 3098 384 3148 durescat
401 3099 541 3163 orttwlue,
558 3097 604 3150 dae
616 3098 674 3150 Bild
726 3099 806 3164 leitet,
823 3100 975 3152 bezeichnct
993 3100 1042 3153 den
1057 3101 1150 3153 Lehrer
1167 3102 1238 3154 einer

164 3166 198 3218 iet
221 3166 270 3218 den
294 3165 433 3232 llhmplen,
459 3167 525 3220 auch
549 3166 603 3219 derv
615 3167 675 3219 Gla·
726 3166 816 3232 Kunst,
835 3184 855 3220 s.
873 3167 901 3231 ll,
922 3171 961 3231 11,
981 3173 1002 3222 1.
1021 3169 1072 3231 xll,
1091 3173 1131 3234 11,
1150 3171 1190 3222 20.

163 3232 290 3298 datorem,
316 3233 445 3287 entlehnt:
473 3237 605 3287 ordeolus
629 3236 674 3288 he·
757 3238 1093 3302 stammam-opinionem,
1103 3236 1155 3302 aql.
1164 3240 1236 3302 1,17,

163 3301 672 3369 eeiohnetdastllieddealingers,dann
724 3303 1236 3358 woldrhttlrereatctimctiotihlichwar.

164 3367 212 3420 den
231 3367 324 3434 Finges
345 3370 438 3430 selbst;
460 3372 494 3422 ira
512 3371 672 3437 Gcgeuealze
724 3409 728 3416 .
751 3371 1235 3438 ult-tranafoereatur,vql.ltl.Sen.

163 3451 195 3488 ru
219 3436 346 3487 domarat
361 3436 424 3488 wird
441 3436 470 3502 ll,
491 3441 530 3503 1²,
549 3441 564 3490 2
586 3440 674 3491 mollia
724 3440 844 3492 controv.
856 3440 898 3493 lV.
915 3439 1011 3492 Praei:
1030 3441 1236 3492 declamatoriae

162 3505 363 3556 maculosum
372 3503 608 3572 Gladiatorgesagt
622 3507 672 3558 und
723 3510 834 3558 cartauc
858 3508 1004 3560 Latronem
1026 3510 1151 3560 Porcium
1174 3511 1235 3560 ami·

162 3572 198 3623 im
220 3571 408 3638 thertragenen
426 3571 505 3625 Sinna
524 3573 565 3639 lll,
583 3580 608 3638 1,
626 3577 671 3628 7⁰:
724 3589 784 3626 cura
805 3577 968 3642 exemplum,
989 3589 1050 3627 oum
1067 3591 1120 3642 pro
1141 3593 1189 3628 reo
1205 3580 1235 3628 e'u

163 3640 249 3706 wem
266 3640 343 3691 molli
359 3644 449 3692 aulem
466 3642 583 3694 arducio
601 3647 672 3694 troo·
723 3643 856 3708 Hispania
880 3643 987 3696 letco
1005 3645 1102 3696 Porcio
1122 3648 1236 3712 proptor·

162 3712 233 3760 teuit
250 3709 393 3761 Catonem?
724 3727 776 3776 quo
788 3727 837 3762 mo
850 3713 959 3777 diemout,
969 3727 1094 3778 aequone
1106 3729 1234 3766 craecoru-

161 3801 164 3806 ·
197 3781 237 3830 ll.
261 3779 358 3844 rogim
376 3777 491 3842 dicendi,
509 3777 551 3829 eiu
569 3777 673 3830 couder-
723 3777 823 3843 summ,
839 3785 872 3830 ut
888 3795 905 3830 a
922 3781 1076 3832 soloecismo
1093 3783 1233 3848 inciperet,

163 3843 237 3896 haret
259 3845 407 3911 hundredi,
432 3845 478 3897 der
499 3845 553 3898 sich
578 3845 673 3898 erhltirt
724 3863 772 3898 aec
789 3852 852 3899 oute
866 3850 986 3914 peccone
999 3849 1166 3916 conprecare,
1183 3855 1234 3904 tac·
1259 3910 1263 3920 ⁴

162 3908 242 3963 durch
262 3914 545 3982 camedonensem
563 3916 578 3980 ᾖ
599 3919 638 3969 lb.
725 3917 1234 3986 tumaoporieteedeetderantma,quam
