2918 4564
550 241 664 294 ,carun
683 240 715 294 u.
732 241 748 308 ς
767 244 859 296 e-ra.
1130 205 1133 213 ¹
1202 239 1242 300 73

170 419 272 480 cultas.
297 417 382 492 Quid,
396 417 476 496 quod
487 425 623 479 auctores
634 413 753 478 maximi
764 417 807 478 sic
819 416 988 496 diligentius
999 417 1242 497 cognoscuntur?

171 504 237 565 Non
258 503 339 564 enim
364 502 471 582 scripta
492 503 619 564 lectione
639 520 743 564 secura
763 503 995 564 transcurrimus
1014 504 1065 563 sed
1084 513 1243 567 tractamus

171 588 287 668 singula
303 596 332 649 et
347 588 514 650 necessario
530 588 750 669 introspicimus
761 596 800 662 et,
816 587 1091 666 quantumviuutis
1105 589 1242 664 habeant,

170 675 216 735 vel
230 675 288 735 hoc
302 673 367 752 ipsc
384 674 601 753 cognoscimus,
619 674 698 752 quod
712 673 820 734 imitari
836 691 897 733 uon
911 689 1079 753 possumus.

256 759 317 819 Nec
331 757 425 819 aliena
440 765 554 818 tantum
569 760 731 820 transferre
746 758 798 819 sed
813 758 899 818 etiam
916 755 1016 818 nostra
1028 758 1165 837 pluribus
1179 778 1244 820 mo·
1265 768 1281 818 9

171 845 216 906 dis
231 852 358 904 tractare
372 842 520 923 proderit:
540 852 574 905 ut
596 863 631 904 ex
646 843 791 905 industria
811 860 962 904 sumamus
977 844 1140 905 sententias
1153 863 1243 922 quas-

171 930 236 990 dam
258 945 366 1008 easque
381 946 533 989 versemus
554 947 641 1008 quam
663 928 915 1002 numerosissime,
941 929 1021 988 velut
1047 929 1148 990 eadem
1175 948 1242 990 cera

171 1015 244 1075 aliae
258 1013 390 1092 aliaeque
405 1014 517 1074 formae
533 1015 600 1074 duci
615 1015 720 1076 solent.
750 1013 914 1074 Plurimmn
929 1021 1025 1074 autem
1041 1015 1137 1092 parari
1152 1015 1245 1076 iacul·
1267 1023 1296 1075 10

170 1099 239 1160 tatis
258 1099 392 1160 existimo
415 1117 451 1158 cx
465 1098 679 1179 simplicissima
701 1117 817 1178 quaque
832 1098 976 1158 materia·
992 1098 1064 1159 Nam
1080 1099 1127 1160 illa
1143 1101 1243 1161 multi-

169 1185 238 1264 plici
254 1183 459 1263 personarum,
476 1202 639 1258 causarum,
655 1193 833 1263 temporum,
849 1184 994 1258 locorum,
1009 1184 1165 1259 dictorum,
1182 1187 1243 1246 la'c·

169 1278 269 1331 torum
289 1269 454 1330 diversitate
475 1269 560 1330 facile
581 1269 733 1331 delitescet
751 1269 917 1342 infirmitas,
938 1276 981 1329 tot
996 1287 1028 1330 se
1048 1269 1181 1349 undiquc
1196 1289 1243 1331 re-

170 1355 236 1428 hds,
252 1373 287 1414 ex
303 1353 410 1432 quibus
424 1354 553 1432 aliquam
570 1354 783 1433 adprehendas,
800 1353 1003 1416 ollcrentibus.
1038 1353 1113 1415 Illud
1128 1356 1243 1418 virtutis
1265 1364 1293 1415 11

169 1440 311 1500 indicium
331 1447 383 1511 est,
405 1439 531 1499 fundere
546 1457 621 1518 quae
636 1446 740 1500 natura
755 1447 907 1499 contracta
921 1447 1001 1513 sunt,
1022 1457 1130 1516 augam
1145 1459 1242 1520 parva,

169 1525 336 1586 varietatem
357 1523 511 1598 similibus,
537 1524 715 1603 voluptatem
737 1524 880 1603 expositis
900 1524 969 1584 darc
992 1533 1021 1584 et
1042 1523 1121 1586 bene
1143 1526 1242 1587 dicere

170 1609 261 1670 multa
277 1609 313 1670 de
328 1608 441 1686 paucis.

255 1694 289 1754 ln
316 1693 375 1754 hoc
399 1691 510 1773 optime
531 1693 640 1754 iaciant
666 1693 799 1754 infinitae
820 1694 1021 1772 quaestiones,
1047 1713 1118 1774 quas
1144 1695 1242 1756 vocari

170 1779 261 1840 thesis
276 1777 416 1852 diximus,
439 1778 546 1856 quihus
567 1778 669 1840 Cicero
689 1779 745 1838 iam
769 1779 910 1859 princeps
929 1779 960 1839 in
983 1779 1135 1859 republica
1157 1799 1243 1842 excr-

172 1863 233 1925 ceri
248 1863 370 1944 solebat.
399 1863 453 1924 llis
468 1863 596 1925 conticis
617 1873 662 1924 est
683 1863 843 1925 destructio
864 1872 894 1925 et
914 1865 1100 1928 confirmatio
1121 1875 1244 1927 senten·
1265 1874 1297 1925 12

169 1949 286 2009 tiorum.
311 1948 384 2009 Nam
398 1967 465 2008 cum
476 1948 514 2010 sit
524 1950 672 2014 sententia
683 1949 833 2009 decretum
847 1949 992 2027 quoddam
1004 1957 1091 2028 atque
1103 1968 1243 2031 praecep·

169 2044 248 2095 tum:
270 2032 349 2112 quod
377 2033 413 2127 de
433 2043 465 2094 re
487 2033 562 2094 idem
578 2029 748 2094 'dc'iudicio
769 2033 812 2093 rei
829 2033 930 2112 quaeri
951 2041 1059 2113 potest.
1088 2033 1164 2094 'lum
1187 2036 1243 2096 loci

170 2153 277 2201 ratione
290 2165 349 2200 carm
362 2149 453 2214 aliqua
467 2149 575 2200 dicendi
583 2152 683 2200 virtuti
735 2151 955 2214 quaestiones
970 2151 1149 2202 universal
1155 2167 1187 2200 er
1199 2154 1245 2202 ci·

170 2218 331 2281 deflectitur.
733 2218 833 2281 cites,
846 2217 896 2268 alii
906 2221 1124 2284 quaestiones
1131 2221 1192 2285 piei
1198 2219 1245 2271 lo-

172 2299 174 2304 ·
205 2291 360 2351 tractamus,
379 2302 399 2338 s.
420 2291 443 2352 1,
464 2288 502 2338 19.
733 2287 836 2352 capto
867 2289 1129 2350 conuenientes,
1164 2289 1245 2340 Acie·

205 2357 229 2406 9.
247 2354 319 2406 aliae
332 2357 463 2420 aliaeque,
480 2352 561 2406 findet
572 2353 627 2404 sich
640 2353 681 2405 bei
733 2370 817 2406 nance
832 2358 961 2420 partem
981 2370 1107 2406 caueae
1118 2356 1245 2422 appellat.

171 2421 310 2483 Quintnur
318 2423 374 2474 hier
382 2423 501 2474 stattdcs
510 2422 552 2474 bei
562 2421 681 2473 ihmsehr
732 2421 1246 2488 HocgenucOieercecientiaetaciiqne

171 2489 368 2555 gewdhnlichen
381 2490 452 2541 aliae
464 2496 544 2556 atque
555 2490 635 2556 aliae,
646 2490 681 2541 ist
732 2492 885 2554 distinguit,
896 2492 1118 2556 centecimum,
1129 2487 1175 2542 ‘an
1183 2509 1246 2558 pro-

171 2557 233 2608 aber
248 2557 320 2608 nicht
337 2557 529 2624 sprachwidrig,
546 2557 598 2624 vgl.
615 2557 681 2608 Cels.
732 2553 1112 2623 uidentiamundnsregatun',
1122 2562 1247 2626 actidnic,

170 2623 209 2688 ΙΙΙ,
227 2627 251 2690 3,
270 2630 332 2676 extr.
351 2624 440 2686 scires
456 2653 489 2662 -
512 2625 582 2675 aliae
600 2627 682 2676 aliae·
732 2619 778 2676 ‘an
796 2625 974 2676 accedendum
998 2627 1035 2677 ad
1054 2627 1247 2694 rempublicam

171 2709 222 2758 que
238 2693 349 2744 subinde
367 2696 505 2744 oriuntur.
734 2687 993 2745 administrandam.

205 2761 276 2823 duci,
292 2761 345 2826 vgl.
364 2763 388 2827 3,
407 2763 447 2814 18.
464 2761 494 2825 ΙΙ,
505 2763 531 2824 4,
546 2763 574 2810 i:
591 2761 617 2809 ri
628 2775 682 2811 non
769 2761 869 2822 Oieerc,
887 2761 988 2812 schrieb
1006 2761 1041 2812 im
1059 2761 1082 2813 J.
1092 2765 1124 2815 19
1143 2778 1168 2814 v.
1187 2762 1246 2815 Chr.

171 2831 204 2880 ab
216 2831 297 2880 initio
310 2834 414 2880 tenuem
426 2832 541 2880 nimium
556 2828 682 2880 laminam
734 2828 766 2880 ad
779 2829 831 2880 nst.
843 2828 885 2893 lll,
895 2833 925 2882 d:
943 2828 984 2880 Ne
1000 2845 1042 2881 nte
1059 2835 1145 2882 totum
1157 2835 1246 2896 aegri-

172 2898 337 2948 dnumimue.
735 2898 825 2948 tudini
843 2897 945 2963 dedam,
961 2901 1064 2964 sumpsi
1080 2901 1148 2950 miii
1165 2915 1244 2966 quac

201 2957 682 3031 tl.capacitis,‘gewdlnlich',‘alltiq
734 2967 795 3016 dam
814 2968 949 3031 tamquam
960 2965 1060 3018 diceas.
1089 2967 1124 3018 ib.
1138 2969 1166 3020 9:
1184 2967 1246 3019 θέ-

169 3029 238 3085 liclr':
251 3033 277 3083 iu
290 3032 681 3098 dieserBedeutungdltersbci
733 3047 886 3084 aeesmeaa
896 3038 1071 3086 commentari
1079 3051 1134 3087 non
1144 3036 1244 3089 detine
1285 3061 1286 3068 1

171 3100 310 3168 Spiterem
324 3115 354 3154 so
369 3100 455 3154 laven.
467 3100 520 3153 Sat.
531 3105 554 3164 1,
566 3103 681 3154 53-55:
732 3101 836 3153 llierlniu
859 3101 927 3154 kann
949 3119 1007 3155 men
1026 3103 1092 3156 auch
1110 3103 1151 3155 die
1168 3103 1245 3156 Para-

171 3169 226 3222 Sed
240 3175 326 3220 votem
344 3172 495 3235 egregium,
514 3171 560 3220 cui
575 3185 630 3220 non
646 3171 683 3218 eit
733 3169 798 3222 doxa
819 3170 939 3224 rechnen.

166 3237 278 3302 publica
290 3253 365 3301 uena,
385 3238 437 3302 Qui
447 3238 519 3288 niltil
531 3239 681 3304 exposition
769 3241 808 3292 tt.
827 3237 949 3303 confinis,
966 3238 1047 3291 inder
1057 3239 1244 3304 ilbertraqeneu

170 3305 255 3354 calent
267 3306 403 3371 deducere,
419 3322 469 3357 nee
483 3308 531 3370 qui
543 3306 682 3358 Communi
732 3305 884 3372 Bedeutung
902 3307 973 3358 nicht
989 3306 1031 3358 bei
1051 3307 1146 3359 Cicero.

169 3370 255 3432 serini
269 3389 377 3424 carmen
394 3375 502 3425 triviale
517 3378 634 3425 maneta.
767 3374 1158 3426 destructio-sententiarum.
1185 3373 1244 3440 llgl.

204 3441 234 3490 in
263 3441 329 3506 loc,
358 3456 403 3491 aar
428 3440 608 3506 Bezeichnung
636 3441 681 3492 dee
732 3441 1095 3505 ll‚4‚18:llarrationibue
1112 3457 1167 3492 nan
1184 3445 1245 3494 inec·

170 3505 295 3559 Zwecltes
313 3507 375 3560 oder
391 3507 486 3567 Zielesa
508 3508 561 3574 egl.
580 3510 603 3572 2,
622 3512 646 3562 5.
733 3510 819 3560 tilitas·
826 3513 1002 3576 nciiungitur
1013 3527 1080 3577 opus
1089 3511 1245 3562 destruendi

203 3575 680 3642 infinitae-dicimus.vgl.lll,5,5:
733 3577 965 3644 confirmandique
992 3595 1048 3644 eae,
1078 3579 1150 3644 quad
1178 3573 1244 3630 aivn-

170 3643 298 3706 Infiniiae
308 3649 378 3706 aunt,
396 3647 581 3709 quaerunatic
591 3659 679 3710 perco-
733 3643 813 3709 σκευή
831 3650 858 3695 et
874 3643 1025 3711 κατασκευή
1042 3652 1164 3698 eamean
1197 3645 1243 3700 Die

170 3714 213 3763 nie
222 3717 248 3762 et
257 3714 418 3777 temporibus
428 3717 454 3762 et
463 3713 529 3762 lecte
537 3714 683 3778 ceterisque
733 3712 1245 3780 Behandlungderllrziahlungwirdhier

170 3781 303 3831 umiliiue
310 3783 341 3831 in
349 3784 603 3846 utramquepartem
611 3785 682 3832 trac-
733 3781 779 3833 eal
797 3781 838 3834 die
850 3781 1244 3850 Richterspritclielibcrtiaqen.

173 3851 278 3914 lantrar,
308 3849 381 3915 quod
410 3849 505 3900 Graeci
533 3846 617 3899 θέσιν
642 3849 682 3900 ac·
768 3849 997 3902 iocicornmunec.
1033 3850 1090 3918 vgl.
1108 3851 1137 3918 ll,
1155 3855 1180 3918 i,
1198 3855 1243 3905 2²:

57 3944 67 3959 ·
172 3917 244 3978 cunt,
264 3917 376 3969 Cicero
392 3920 620 3984 propositum,
633 3917 683 3968 ulii
734 3919 766 3968 de
782 3921 820 3968 iia
837 3918 941 3985 loquor,
959 3921 1056 3985 quilius
1073 3923 1145 3973 citra
1155 3936 1245 3986 pereo·
