2918 4564
669 954 672 962 Ι
709 821 818 938 (iinon
846 865 869 935 l.

547 1015 609 1087 DE*
632 1016 756 1088 cccli
782 1015 1028 1088 VERBORUM.

217 1212 230 1262 1
338 1203 483 1280 Sed—hacc
499 1202 657 1281 eloquendi
673 1212 829 1282 praecepta
854 1203 931 1264 sicut
947 1202 1110 1281 cognitioni
1132 1211 1202 1264 sunt
1220 1221 1323 1264 ncces-

253 1287 338 1360 seria‚
354 1286 391 1348 ita
409 1306 469 1348 non
486 1287 555 1348 satis
570 1288 605 1348 ad
616 1288 674 1348 vim
690 1287 808 1348 dicendi
819 1288 925 1361 valent,
941 1287 999 1348 nisi
1013 1287 1070 1348 illis
1084 1289 1168 1348 linno
1181 1288 1324 1366 quaedam

253 1372 385 1446 facilitas,
401 1390 481 1458 quoe
489 1372 566 1451 apud
579 1371 707 1434 Graecos
719 1368 785 1446 ἕξις
797 1371 976 1446 nominatur,
988 1373 1153 1434 accesserit.
1181 1372 1223 1432 ld
1235 1391 1324 1451 quom

253 1456 412 1517 scribendo
429 1457 496 1536 plus
510 1474 547 1516 on
563 1456 690 1535 legendo
706 1475 742 1517 an
759 1457 883 1534 dicendo
900 1457 1086 1530 conferatur,
1110 1457 1205 1518 solere
1221 1457 1324 1535 quaeri

253 1541 330 1602 scio:
344 1542 422 1619 quod
435 1549 513 1602 esset
521 1541 691 1618 diligentias
703 1540 790 1602 nobis
798 1541 1035 1615 examinandam,
1047 1541 1071 1602 si
1083 1540 1213 1620 qualibet
1223 1560 1325 1602 canum

217 1634 232 1684 2
253 1643 353 1686 rerum
369 1644 525 1704 possemus
539 1644 599 1686 una
615 1644 679 1686 csso
695 1627 838 1686 contenti.
868 1626 979 1686 Verum
994 1626 1034 1685 ita
1048 1633 1118 1686 sunt
1133 1626 1212 1686 inter
1226 1646 1257 1686 se
1274 1646 1323 1687 co-

254 1728 331 1770 nexa
346 1718 376 1769 et
390 1709 548 1770 indiscreta
564 1710 677 1782 omnia,
700 1719 748 1783 nt,
771 1711 795 1770 si
812 1710 881 1789 quid
898 1729 932 1770 ex
948 1710 993 1770 nis
1009 1709 1143 1783 deluerit,
1165 1711 1274 1771 frustra
1289 1711 1326 1771 sit

254 1794 283 1853 in
300 1793 406 1854 ceteris
421 1794 595 1854 laboratam.
621 1795 694 1854 Nam
710 1812 808 1872 noque
823 1794 913 1855 solido
926 1803 1013 1872 atque
1025 1793 1147 1855 robusta
1157 1796 1246 1856 luerit
1260 1814 1325 1855 um-

255 1896 343 1956 quam
359 1878 542 1956 eloquentio‚
566 1879 622 1939 nisi
636 1879 729 1939 multo
745 1879 811 1939 stilo
827 1880 904 1939 vines
919 1879 1075 1956 acceperit,
1091 1887 1121 1939 et
1136 1880 1208 1940 citro
1223 1879 1325 1940 lectio-

255 1963 300 2023 nis
316 1963 482 2041 cxemplum
498 1962 583 2023 labor
597 1962 646 2024 illo
662 1982 767 2025 carens
778 1972 893 2024 noctoce
904 1963 1045 2024 fluitabit:
1062 1972 1088 2024 et
1103 1963 1154 2042 qui
1169 1965 1250 2039 sciet,
1266 1983 1326 2042 quo
1344 2041 1348 2044 .

245 2065 389 2126 ‘quaeque
404 2047 464 2108 sint
480 2049 566 2108 modo
582 2048 715 2123 dicenda,
731 2049 787 2109 nisi
801 2058 950 2126 tamqnam
965 2048 996 2108 in
1008 2048 1165 2127 procinctu
1181 2058 1325 2128 paratam-

290 2184 312 2230 1.
331 2183 396 2230 llaec
412 2185 604 2245 -praecepta
629 2181 663 2232 ist
686 2181 765 2246 allge-
816 2181 868 2246 vgl.
885 2181 903 2243 l,
922 2184 946 2246 2,
964 2186 979 2234 3
998 2181 1051 2232 Sed
1066 2197 1125 2231 mea
1143 2181 1250 2245 quidem
1270 2197 1328 2230 sen-

254 2248 321 2298 mein
339 2263 371 2297 zu
383 2247 518 2298 verstehen
534 2263 586 2298 von
601 2247 650 2298 den
662 2247 765 2300 Anwel-
817 2252 899 2299 tentia
917 2251 1036 2298 innota
1059 2250 1111 2298 ieta
1137 2253 1182 2308 (sc.
1202 2247 1266 2299 ratio
1289 2249 1326 2298 vl-

255 2329 352 2379 sungen
365 2314 399 2363 im
412 2313 601 2377 3.—9.Baclie‚
621 2330 670 2365 von
684 2315 764 2366 denen
816 2315 892 2366 vendi
917 2315 1025 2366 honeste
1047 2319 1073 2366 et
1097 2315 1193 2381 optime
1216 2314 1326 2378 dicendi)

254 2383 308 2446 sich
334 2381 376 2432 die
393 2380 493 2432 Baiter
511 2385 576 2432 3-1
596 2381 642 2432 mit
659 2382 704 2434 der
722 2381 766 2433 Er·
816 2387 896 2447 atque
908 2383 1100 2433 indiscreta
1112 2387 1188 2432 sant:
1203 2383 1273 2434 nicht
1285 2383 1325 2434 bei

252 2447 361 2514 'findang
378 2448 513 2512 (inventio)
535 2449 586 2500 und
609 2450 766 2516 Anondnung
818 2449 914 2501 Cicero.

254 2515 409 2582 (dispositio)
422 2516 468 2568 des
477 2517 651 2568 rhetorischen
663 2517 765 2581 stelles,
850 2517 1328 2582 11111111ιί111,1.ἰ.11111111111111111,

255 2587 321 2638 8-9
346 2583 392 2635 mit
416 2584 472 2635 dem
500 2584 675 2650 sprachlichen
699 2587 765 2636 ilus·
815 2585 867 2650 vgl.
887 2587 910 2645 6,
930 2588 953 2637 3.
973 2588 996 2649 1,
1014 2587 1037 2636 4.
1057 2589 1080 2636 l.
1109 2584 1159 2636 Cic.
1178 2583 1327 2650 decretl,

255 2649 334 2704 diocli
352 2652 486 2715 (elocutio)
504 2652 690 2718 bescltiltigen.
817 2657 858 2716 33,
873 2656 920 2706 tic
933 2653 1011 2703 stilae
1027 2655 1142 2717 optimae
1154 2658 1181 2702 et
1188 2657 1328 2718 praestan·

287 2723 399 2770 oiciit-
411 2723 450 2770 ita
462 2736 525 2784 non,
538 2736 558 2771 s.
571 2720 673 2774 Einleil.
687 2719 713 2774 S.
726 2725 764 2772 14.
818 2723 936 2771 tissimus
960 2721 1065 2772 dicendi
1087 2722 1197 2784 effector
1221 2737 1253 2770 ac
1272 2735 1328 2770 ma-

289 2789 439 2851 oognitioni
455 2787 537 2838 hildet
555 2787 603 2839 den
623 2788 765 2854 Gegensatz
815 2792 909 2853 gister.

255 2871 286 2905 aa
307 2857 361 2904 vim
379 2855 498 2919 dicendi,
522 2855 572 2906 wie
589 2855 699 2908 Tlteorie
722 2855 767 2907 zu'r
852 2859 931 2920 eitra,
949 2871 969 2906 s.
983 2855 1132 2920 Einleitnng
1144 2852 1169 2905 S.
1186 2857 1224 2916 ll,
1242 2859 1328 2904 zuerst
1433 2858 1435 2885 ⁴

255 2921 357 2972 Proxis:
376 2922 478 2972 ihnlich
494 2921 523 2985 11,
545 2924 609 2984 18,1
632 2923 696 2974 Cam
713 2927 767 2973 sint
819 2939 847 2975 so
872 2923 913 2974 bei
937 2922 1070 2987 Dichtern‚
1095 2921 1161 2972 donn
1186 2919 1273 2986 hialig
1293 2921 1329 2970 im

256 2994 345 3040 antem
362 2993 462 3038 antium
480 2991 551 3039 aliae
559 2993 665 3054 poeitae
682 2993 711 3040 in
726 2993 768 3040 tn·
819 2990 946 3041 silbernen
964 2989 1093 3051 tettalias,
1111 2988 1162 3052 vgl.
1183 2992 1206 3050 1,
1225 2991 1248 3038 l.

255 3059 403 3124 spectione,
435 3057 465 3106 id
493 3062 532 3106 est
561 3060 714 3121 cognitione
736 3062 769 3106 ‘et
852 3059 983 3118 fluitabit,
1018 3057 1067 3108 wie
1096 3055 1141 3106 das
1171 3053 1254 3106 Sehill
1279 3054 1328 3106 den

257 3127 440 3187 aestimatione
457 3140 557 3176 reram.
820 3123 988 3175 Steuenaann
1012 3124 1082 3189 nollg
1106 3123 1164 3186 hat,
1189 3137 1218 3173 so
1240 3121 1332 3173 bedorf

273 3195 343 3258 ‚vim
361 3192 468 3242 dicendi
485 3191 530 3243 das
543 3191 637 3243 Reden.
663 3194 704 3241 oie
721 3192 768 3242 mit
820 3191 864 3242 der
881 3190 1010 3242 Lernenile
1034 3191 1079 3242 des
1097 3189 1233 3242 Verbildes
1256 3195 1330 3255 guter

256 3260 314 3314 dein
337 3259 439 3312 Genltiv
463 3259 508 3311 des
533 3258 701 3310 Gerundiarns
724 3259 767 3316 he·
820 3257 1003 3310 Schriltsteller
1025 3259 1077 3324 vgl.
1100 3256 1153 3321 Vll,
1178 3255 1330 3310 Procem.3
1415 3277 1419 3288 ¹

257 3328 373 3390 nelchnet
398 3326 447 3378 den
472 3326 698 3378 substantivierten
719 3325 768 3377 Be·
820 3328 908 3376 oratio
930 3341 1023 3377 carens
1046 3328 1097 3377 liae
1114 3328 1215 3376 aintate
1233 3325 1331 3376 tutant-

256 3393 318 3460 gliti
332 3393 377 3445 des
395 3393 528 3445 Infinitive.
820 3399 910 3444 tnetnr
927 3409 1031 3444 neeesse
1049 3400 1088 3445 eat
1105 3398 1131 3444 et
1147 3396 1205 3443 aine
1225 3399 1331 3444 rectore

291 3461 528 3526 qualibet—ana.
556 3460 674 3523 Quilibet
684 3461 767 3512 neben
818 3464 914 3524 ltaitet

256 3545 333 3593 anna,
344 3527 435 3594 wiell,
447 3532 485 3592 10,
497 3533 544 3581 117
558 3529 687 3592 quamdiu
697 3533 768 3594 qai·
853 3532 883 3579 in
896 3533 1040 3594 procincta
1053 3534 1134 3592 stare,
1152 3527 1331 3580 militinscher

258 3599 340 3648 tibet
356 3595 630 3662 aaiieeaperfaerit.
656 3597 768 3648 Auchin
819 3596 954 3648 Ausdruoli
976 3612 1026 3649 von
1053 3596 1101 3648 den
1126 3595 1262 3658 Soldalen,
1289 3594 1331 3646 die

257 3664 438 3729 umgelielnter
455 3663 576 3729 Ordnung
587 3663 605 3726 l,
620 3667 683 3727 127
704 3681 768 3730 qna·
820 3681 877 3715 zum
896 3663 1004 3730 Komple
1021 3665 1103 3716 bereit
1123 3663 1244 3721 dastehn;
1269 3661 1332 3712 11111-

257 3747 317 3782 ram
346 3748 395 3782 noe
420 3748 485 3782 ana
512 3747 566 3783 nee
597 3733 769 3796 quaelibet
820 3729 1329 3798 licltwiehier,vomRedaerllll,9‚2l

257 3800 328 3849 nillil
336 3802 540 3850 intermittentes
548 3799 688 3865 fatigaret.
705 3799 768 3858 Eine
820 3805 953 3850 armatam
971 3815 1073 3865 emnper
1091 3815 1123 3848 ae
1134 3797 1206 3848 aetat
1222 3799 1252 3846 in
1265 3813 1331 3862 pro·

257 3866 495 3918 nachciceronische
514 3866 688 3933 Verbindong.
821 3869 1044 3930 concinnentem,
1062 3865 1126 3917 daza
1143 3863 1195 3930 vgl.
1210 3865 1225 3926 ξ
1239 3867 1271 3918 29
1284 3881 1334 3916 noe
1437 3865 1438 3896 l

292 3937 315 3986 i.
351 3936 509 4000 indisereta,
536 3931 768 4000 ‘uncertrennlich‘,
820 3938 1020 3986 oeno-amatae
1037 3939 1109 3984 stare
1125 3935 1154 3982 in
1172 3935 1238 3983 acto.
