2918 4564
230 205 271 265 50
599 203 706 258 meur
724 204 742 256 t.
761 206 776 270 s
796 207 938 258 105-110.

178 391 222 442 106
230 379 285 442 mis
299 379 458 457 tegendum
472 377 518 438 vel
532 377 725 440 ediscendum
739 377 837 456 potius
853 386 963 456 putem.
994 377 1128 447 Quorum
1143 396 1198 455 ego
1213 379 1305 440 virto-

230 474 274 527 tes
296 464 452 544 plerasque
473 461 602 524 arbitror
623 461 748 536 simileS,
775 461 945 534 consilium,
971 461 1122 536 ordinem,
1145 463 1302 539 dividendi,

229 548 432 630 praeparandi,
448 547 596 627 probandi
611 547 766 620 rationem,
788 547 916 626 denique
939 565 1014 626 quae
1029 556 1099 630 sunt
1114 548 1302 610 inventionis.

230 635 264 698 ln
281 635 447 713 eloquendo
460 642 508 698 est
522 633 619 712 aliqua
634 632 803 707 diversitas3
820 633 940 694 densior
955 632 1003 694 ille
1018 633 1067 714 hic¹
1082 633 1239 712 copiosior,
1255 634 1303 696 ille

230 719 381 784 concludit
403 718 571 780 adstrictius
592 717 640 779 hic
654 717 750 788 latius,
773 727 886 796 pugnat
907 717 957 777 ille
972 717 1108 780 acumine
1124 736 1242 798 semper
1256 718 1304 780 hic

229 805 405 884 frequenter
418 812 448 866 et
462 803 604 884 pondere,
620 803 662 863 illi
684 802 758 864 nihil
773 802 886 864 detrahi
907 811 1013 882 potest,
1034 803 1103 864 huic
1125 803 1198 864 nihil
1219 803 1302 878 adici,

177 899 221 952 tm
231 908 320 954 ctuae
340 889 407 969 plus
427 889 459 950 in
480 888 529 950 illo
550 889 581 949 in
603 889 662 950 hoc
676 897 808 950 naturae.
839 887 956 950 Solibus
970 897 1050 948 certe
1073 898 1102 949 et
1116 888 1304 950 commisera-

229 975 321 1050 tione,
337 993 412 1054 quae
427 974 485 1036 duo
497 974 658 1053 plurimum
675 973 704 1034 in
716 971 880 1034 adfectibus
888 973 995 1048 valent,
1009 973 1164 1035 vincimus.
1193 973 1230 1034 Et
1242 975 1302 1034 lor-

230 1069 307 1122 tasse
323 1060 455 1140 epilogos
469 1059 510 1120 illi
525 1077 589 1120 mos
604 1058 727 1122 civitatis
749 1057 917 1133 abstulerim
939 1060 991 1120 sed
1007 1067 1037 1118 et
1052 1057 1139 1120 nobis
1153 1059 1210 1132 illa,
1227 1077 1301 1137 quae

229 1145 318 1208 Attici
333 1145 489 1219 mirantur,
511 1144 623 1206 diversa
638 1144 735 1206 Latini
750 1143 896 1206 sermonis
918 1144 993 1206 ratio
1012 1144 1111 1208 minus
1125 1144 1301 1223 permiserit.

230 1230 264 1294 ln
280 1229 414 1310 epistulis
429 1230 558 1309 quidem,
582 1247 759 1308 quamquam
782 1237 853 1290 sunt
875 1229 1037 1307 utriusque,
1053 1229 1219 1309 dialogisve,
1236 1229 1302 1306 qui-

181 1315 288 1380 lesbus
304 1315 378 1377 nihil
393 1315 450 1390 ille,
467 1315 548 1376 nulla
564 1314 718 1376 contentio
733 1322 786 1376 est.
817 1312 989 1376 Cedendum
1003 1332 1072 1376 vero
1092 1315 1124 1375 in
1140 1315 1206 1388 hoc,
1222 1314 1301 1392 quod

231 1409 261 1462 et
280 1400 364 1480 prior
384 1401 439 1462 luit
460 1409 489 1461 et
511 1419 547 1460 ex
568 1418 674 1479 magna
690 1409 774 1478 parte
790 1399 973 1472 Ciceronem,
1000 1409 1127 1478 quantus
1143 1408 1196 1472 est,
1222 1399 1301 1462 lecit.

229 1485 304 1548 Nam
318 1485 389 1546 mihi
405 1485 521 1546 uidetur
532 1485 570 1546 Μ.
584 1484 706 1558 Tullius,
722 1503 789 1546 cum
805 1503 836 1546 se
851 1491 946 1546 totum
955 1484 993 1545 ad
1004 1483 1198 1546 imitationem
1209 1483 1300 1544 Grae-

231 1589 335 1632 corum
351 1570 532 1642 contulisset,
556 1569 705 1632 effinxisse
727 1570 784 1630 vim
801 1569 1017 1644 Demosthenis,
1033 1569 1148 1649 copiam
1163 1569 1303 1642 Platonis,

180 1668 223 1720 109
231 1655 444 1718 iucunditatem
460 1654 606 1717 Isocratis.
636 1655 697 1716 Nec
718 1673 787 1716 vero
810 1653 889 1732 quod
907 1655 938 1714 in
955 1673 1074 1734 quoque
1090 1654 1233 1733 optimum
1248 1653 1304 1715 suit

230 1740 327 1804 modio
344 1749 523 1806 consecutus
538 1753 582 1801 est
596 1748 721 1813 tantum,
743 1739 794 1800 sed
814 1739 955 1818 plurimas
975 1740 1021 1800 vel
1035 1740 1135 1818 potius
1150 1757 1253 1800 omnes
1268 1757 1304 1799 ex

230 1844 263 1888 se
287 1825 351 1904 ipso
374 1826 496 1887 virtutes
518 1825 621 1886 extulit
645 1824 810 1886 inmortalis
834 1825 947 1902 ingenii
972 1824 1139 1886 beatissima
1159 1824 1302 1884 ubertate.

229 1908 1302 1990 Nonenimpluvias,utaitPindarus,aquascolligitscdvivo

231 1996 382 2075 gurgite
399 1996 580 2068 exundat,
597 1995 677 2056 dono
693 1995 820 2073 quodam
837 1993 1038 2073 providentiae
1054 1995 1181 2073 genitus,
1196 1994 1226 2054 in
1244 2011 1303 2072 quo

179 2091 223 2144 110
230 2087 307 2142 totas
322 2081 398 2142 vires
413 2099 480 2142 suas
493 2079 662 2159 eloquentia
674 2080 867 2158 experiretur.
898 2079 970 2139 Nam
983 2079 1052 2158 quis
1061 2079 1167 2139 docere
1179 2077 1303 2157 diligen-

230 2165 298 2238 tius,
314 2183 432 2226 movere
449 2165 650 2228 vehementius
665 2163 784 2244 potest?
811 2165 864 2226 Cui
885 2173 967 2225 tanta
982 2182 1122 2243 umquam
1137 2163 1304 2225 iucunditas

230 2248 344 2312 adluit?
375 2259 408 2311 ut
423 2251 485 2329 ipsa
500 2250 557 2324 illa,
584 2268 660 2329 quae
683 2259 848 2328 extorquet,
875 2250 1034 2327 impetrare
1055 2267 1124 2309 eum
1148 2248 1258 2322 credas,
1275 2258 1304 2308 et

230 2354 298 2397 cum
312 2343 515 2397 transversum
528 2335 556 2394 vi
570 2353 623 2395 sua
635 2334 760 2395 iudicem
776 2336 859 2407 serat,
874 2342 973 2394 tamen
986 2334 1033 2394 ilie
1049 2353 1111 2394 non
1128 2334 1192 2414 rapi
1207 2333 1304 2393 videa-

231 2467 276 2503 aus
294 2451 339 2504 der
356 2450 544 2517 Vergleichung
566 2451 613 2502 mit
631 2449 741 2502 anderen
793 2465 854 2498 rem
882 2449 1037 2514 frequenter
1066 2453 1163 2500 werttt
1198 2454 1224 2500 et
1254 2451 1304 2500 ati-

231 2517 346 2574 Rednern
366 2520 465 2573 herous.
793 2518 900 2582 quando
919 2521 1000 2568 ettam
1016 2516 1106 2578 reficit
1116 2523 1143 2567 et
1153 2535 1169 2568 a
1181 2520 1305 2568 satietate

266 2588 527 2644 whiile—lotias.
554 2584 583 2640 D.
596 2584 741 2638 hautseine
792 2585 834 2635 vel
850 2602 867 2636 a
885 2584 1049 2650 fatigatione
1065 2591 1185 2638 renovat.

229 2654 354 2708 Periotlen
377 2655 492 2723 knapper
514 2654 567 2707 und
585 2653 690 2719 khrzer,
714 2653 740 2706 C.
827 2653 1304 2719 epilogos-edetulertt,beziehtsich

230 2723 324 2776 breiter
341 2724 394 2776 und
413 2722 607 2789 ausgedebnter,
629 2722 681 2788 vgl.
699 2721 739 2784 tx,
792 2721 818 2772 in
837 2720 920 2774 dieser
931 2721 1128 2787 Aligemeinheit
1146 2736 1192 2772 nur
1207 2721 1252 2773 aul
1263 2721 1304 2772 die

230 2795 254 2910 4Ξ
273 2794 304 2844 22
323 2787 463 2859 περίοδον,
488 2796 662 2857 quaeest-
680 2806 741 2842 oon·
792 2789 975 2854 gerichtlichen
988 2789 1074 2841 Redeo
1092 2805 1139 2839 vor
1156 2789 1214 2841 dem
1226 2788 1304 2841 Areo·

229 2875 322 2912 cuno·
792 2873 825 2922 pa
844 2894 851 2908 ⁸
1089 2887 1091 2890 '

259 2930 378 2992 pugnat,
401 2925 590 2992 metaphorisch
613 2925 654 2976 ltir
675 2926 742 2976 dicit
826 2872 953 2990 §pietolia
971 2921 1304 2976 UnterDemosthenes’Na·

230 3010 252 3046 s.
269 2995 286 3060 ὅ
304 2997 329 3046 4.
792 3007 851 3044 men
870 2991 926 3045 sind
942 2992 1016 3043 sechs
1029 2990 1113 3044 Briele
1125 2992 1208 3058 ubrig,
1226 2991 1302 3046 deren

149 3083 153 3088 ·
264 3075 386 3122 acumen,
410 3058 465 3112 hier
482 3059 553 3112 nicht
571 3059 673 3112 sowohl
689 3076 740 3112 von
792 3057 1302 3125 Uuechtheitjedochnachgewiesenist

225 3129 379 3184 -Scharlsinn
391 3143 423 3178 zu
438 3127 567 3192 verstehn,
583 3127 621 3180 als
636 3127 742 3180 vender
826 3129 988 3200 dtatfflisoe,
1009 3127 1112 3180 hezieht
1129 3128 1183 3179 sich
1201 3130 1247 3181 aut
1261 3127 1302 3180 die

231 3197 342 3266 Sprache
355 3196 400 3250 des
413 3194 575 3259 Verstandes,
589 3195 688 3248 welche
700 3195 741 3248 die
792 3197 914 3248 meisten‘
924 3195 1151 3262 philosophischen
1175 3193 1302 3248 Schriften

230 3265 369 3320 Gedanken
396 3265 422 3315 in
448 3263 577 3318 einfacher
604 3263 740 3316 schlichten
793 3264 901 3328 Ciceros,
919 3264 1015 3316 ehenso
1033 3263 1078 3316 ans
1090 3262 1184 3316 Brutus
1201 3264 1253 3316 und
1271 3264 1303 3316 (le

229 3334 276 3386 Art
293 3332 468 3398 wiedergiebt
791 3338 899 3386 oratore.

170 3429 178 3446 ·
265 3399 490 3462 ibbadfeetibue.
517 3398 553 3452 Zu
562 3398 611 3450 den
620 3398 741 3459 adfectos
825 3402 920 3466 quibus
938 3428 972 3438 -
989 3399 1046 3460 ille,
1069 3414 1101 3448 zu
1126 3400 1251 3464 ergbnzen
1268 3399 1302 3451 ist

229 3470 320 3538 gehdrt
333 3469 404 3534 elles,
419 3483 473 3520 was
486 3467 528 3519 aul
541 3467 582 3520 die
595 3466 740 3534 Stimmung
791 3469 833 3520 ein
851 3466 977 3526 Verbum,
1003 3467 1053 3517 wie
1077 3472 1234 3518 comessator
1258 3473 1302 3531 eet,

229 3539 274 3592 der
290 3537 394 3590 Richter
412 3533 540 3588 Eindruck
557 3535 656 3600 macht,
674 3552 740 3602 opus
790 3537 843 3604 vgl.
862 3540 885 3601 2,
905 3539 951 3596 24;
969 3534 1117 3600 Einleitung
1135 3534 1160 3586 S.
1183 3539 1222 3588 ta.

228 3635 261 3644 -
285 3605 409 3658 movendi
429 3605 548 3656 iudicum
573 3607 675 3656 animos
701 3603 739 3669 vt,
827 3607 883 3658 109.
913 3605 1020 3670 pluvias
1042 3631 1075 3642 -
1099 3604 1231 3666 emundat,
1261 3603 1301 3654 ein

228 3676 299 3738 2,1;
321 3672 739 3740 dahingehdrtauch(ih.3,1)
790 3671 950 3726 Bruchsthck
968 3671 1087 3732 Pindars,
1113 3671 1158 3723 das
1183 3670 1303 3736 nirgemls
1415 3693 1417 3700 v

229 3743 327 3807 virtue,
357 3757 424 3808 quae
450 3743 534 3791 meum
560 3741 659 3792 iudicis
686 3756 740 3790 mo·
791 3741 881 3794 weiter
899 3740 1015 3794 erwihnt
1033 3738 1105 3790 wind,

228 3809 311 3860 vendo
330 3815 355 3859 et
372 3809 432 3860 illos
449 3811 538 3860 tedetee
555 3807 635 3860 soluit
651 3807 740 3868 adlee-
828 3813 883 3862 tto.
902 3814 1092 3870 transuersum,
1111 3807 1241 3858 seitw'arts
1258 3805 1302 3857 ab·

229 3879 457 3928 emesenorum
475 3877 508 3926 ab
530 3880 679 3928 intema'one
696 3893 737 3928 re-
792 3876 926 3928 weichend
966 3891 1017 3926 von
1056 3873 1114 3926 dem
1155 3874 1301 3940 bisherigen
