2918 4564
550 217 656 276 orror
674 217 691 272 t.
710 217 727 286 o
745 164 866 272 eo—eu
1190 215 1229 276 41

1228 311 1246 347 le

62 444 67 454 .
168 391 262 454 lotor.
298 391 470 470 Nequeego
486 391 516 452 in
532 389 586 464 his,
609 387 768 469 dequibus
789 389 995 465 summamus,
1016 391 1069 454 has
1083 391 1159 454 solas
1173 392 1231 453 vir·
1253 402 1284 454 to

168 485 247 540 tutes
261 477 313 539 sed
326 477 379 538 hes
392 475 566 557 praecipuas
579 485 662 556 puto,
678 491 735 536 neo
750 482 866 536 ceteros
875 493 979 555 parum
995 476 1085 538 lrusse
1099 495 1231 557 magnos

169 561 248 633 Quin
263 562 353 624 etiem
367 561 549 623 Phalerea
563 559 644 621 illum
666 559 912 633 Demetrium,
933 578 1111 640 quemquam
1130 562 1155 623 is
1169 561 1232 643 pri-

168 665 250 709 murn
265 646 424 709 inclinasse
438 645 637 725 eloquentiam
652 644 769 719 dicitur,
784 644 910 705 multum
924 644 1036 725 ingenii
1051 645 1187 708 hahuisse
1202 656 1232 708 et

167 729 321 794 facundiae
335 732 437 806 fateor,
458 731 504 792 vel
519 730 557 792 ob
571 730 629 792 hcc
651 729 791 791 memoria
806 729 937 808 dignum,
961 730 1039 809 qued
1055 729 1174 792 ultimus
1189 739 1234 794 est

167 819 230 879 lere
244 835 280 879 ex
294 817 407 890 Atticis,
421 815 473 895 qui
487 815 544 877 dici
559 815 652 897 possit
666 823 781 890 orator3
802 832 890 894 quem
911 823 1008 876 tamen
1023 815 1053 876 in
1070 815 1121 876 illo
1135 815 1232 876 medio

168 919 278 982 genere
292 901 408 963 dicendi
422 901 553 981 praefert
567 899 705 962 omnibus
719 898 832 960 Cicero.

252 985 509 1066 Philosophorum,
524 1004 560 1046 ex
573 983 681 1064 quibus
694 984 855 1064 plurimum
864 999 898 1046 so
909 985 1032 1048 traxisse
1047 985 1234 1065 eloquentiae
1256 994 1285 1047 81

168 1072 206 1133 ll.
222 1071 336 1134 Tullius
351 1072 519 1144 confltetur,
541 1070 607 1150 quis
621 1069 735 1132 dubitet
748 1069 947 1134 Platonem
962 1089 1027 1133 esse
1041 1071 1234 1151 praecipuum

166 1156 227 1218 sive
247 1157 383 1219 acumine
405 1156 567 1218 disserendi
588 1154 649 1218 sive
673 1155 832 1234 eloquendi
846 1155 983 1217 facultate
997 1155 1094 1220 divina
1110 1155 1234 1235 quadam

167 1251 197 1303 et
212 1239 389 1304 Homerico?
404 1241 529 1302 Multum
544 1241 622 1303 enim
634 1258 723 1322 supra
734 1258 852 1320 prosam
864 1241 1028 1302 orationem
1043 1259 1130 1320 quam
1144 1242 1234 1321 pede·

167 1329 259 1389 s‘trem
282 1325 386 1388 Graeci
408 1335 514 1388 vocant
533 1326 636 1405 surgit,
658 1333 691 1386 ut
711 1324 782 1386 milri
804 1345 867 1387 nen
886 1325 1016 1388 hominis
1039 1326 1159 1407 ingenio
1181 1327 1231 1388 sed

168 1413 296 1492 quodam
312 1411 444 1492 Delphici
458 1412 590 1472 videatur
601 1410 721 1471 oraculo
732 1410 779 1471 dci
794 1410 961 1473 instinctus.
991 1411 1069 1484 Quid
1084 1430 1139 1492 ego
1155 1431 1235 1474 com-
1256 1419 1287 1471 st

167 1515 330 1559 memorem
345 1495 617 1576 Xenophontis
632 1494 711 1556 illam
724 1494 936 1558 iucunditatem
951 1495 1166 1572 inadfectatem,
1184 1499 1235 1560 sed

169 1601 257 1662 quam
273 1581 353 1642 nulla
368 1581 511 1661 consequi
526 1579 682 1642 adfectatio
704 1577 818 1660 possit?
838 1589 873 1641 ut
893 1580 973 1661 ipsae
995 1599 1162 1644 sermonem
1177 1583 1236 1644 fln-

168 1667 244 1730 xisse
260 1665 375 1728 Gratiae
390 1666 545 1728 videantur
559 1675 597 1741 et,
612 1665 692 1744 quod
706 1665 742 1726 do
757 1664 870 1727 Pericle
885 1666 992 1728 veteris
1007 1667 1175 1730 comoediae
1190 1675 1237 1729 to·

202 1783 243 1835 80.
255 1783 405 1834 Demetrius
416 1797 467 1834 von
479 1781 613 1848 Phaleron,
625 1783 676 1837 317
726 1781 824 1845 motet,
853 1777 947 1834 Lehrer
973 1782 1017 1835 der
1043 1783 1234 1836 bertilamtesten

168 1849 208 1902 bis
219 1852 266 1904 307
277 1866 301 1902 v.
312 1849 367 1902 Chr.
387 1849 437 1902 lost
448 1849 676 1904 unumscluinlrter
726 1847 839 1915 llinner,
848 1850 895 1902 mlt
904 1849 1162 1904 denbedcutendsten
1169 1851 1236 1902 Zeit—
1292 1861 1294 1868 ’

168 1917 320 1972 Statthelter
330 1917 356 1970 in
366 1919 449 1972 Allien
459 1921 518 1982 (360
527 1918 676 1972 fflstotoen
726 1931 854 1984 genossen
871 1916 1037 1971 vertebram

168 1986 273 2040 worden
291 1986 343 2038 ihm
361 1987 503 2052 erpiclrtet),
525 1985 617 2040 darent
632 2001 676 2052 ge-
759 1989 815 2036 rioe
830 2014 864 2024 -
880 1988 935 2036 etue
973 1987 1171 2052 ungewohnlieh
1193 2002 1237 2056 ge-

167 2056 257 2118 sturzt,
273 2053 335 2106 land
346 2054 371 2106 in
383 2054 504 2122 Agypten
518 2053 676 2106 lreundliche
726 2051 834 2104 braucht
845 2053 912 2104 ohne
948 2052 1035 2105 erbum
1048 2055 1073 2106 in
1086 2055 1168 2107 einem
1181 2070 1237 2106 ver-

166 2121 310 2174 Aulnehme
328 2121 453 2189 (Stittung
470 2122 515 2174 der
529 2121 676 2174 Bibliothek
726 2120 833 2172 knrzten
852 2119 935 2173 Satze.

168 2191 193 2242 in
217 2189 394 2256 Alexandria),
419 2190 555 2257 gestorben
579 2192 627 2244 283
649 2190 676 2241 in
761 2189 910 2254 lloreeriea,
927 2189 979 2256 vgl.
997 2190 1012 2252 fi
1030 2191 1071 2242 48.
1089 2191 1129 2244 65.
1248 2212 1253 2223 ·

168 2257 348 2326 Oberigypteu
365 2259 391 2311 in
404 2258 449 2311 ‹ler
460 2257 633 2325 Verbannuog
645 2273 676 2311 en
759 2257 906 2323 pedestrem
912 2294 921 2319 ,
942 2253 1026 2322 πεζὸν
1043 2253 1137 2378 iopen:
1153 2275 1236 2326 prora

168 2326 225 2378 (lem
237 2325 311 2378 Bisse
329 2327 399 2379 einer
411 2327 545 2393 Schlenge.
575 2325 608 2377 Er
622 2326 678 2393 golt
727 2325 779 2377 und
792 2325 923 2391 pedestris
936 2328 1022 2378 oratio
1035 2342 1066 2393 ge
1087 2330 1147 2380 oren
1161 2326 1236 2379 heile

168 2394 208 2446 tur
226 2393 275 2446 den
293 2394 464 2460 gebiltletsten
482 2394 606 2448 Grieolren
628 2394 677 2446 sei·
726 2391 772 2445 der
790 2394 908 2460 spiteren
925 2393 981 2446 zet
998 2409 1043 2461 en,
1068 2393 1155 2446 Cicero
1178 2400 1237 2461 segt

169 2477 214 2513 ner
231 2461 294 2514 zeii.
728 2464 816 2512 oratio
833 2462 930 2512 echte.

202 2529 292 2594 tttatm,
310 2528 355 2582 cler
372 2529 439 2582 oben
456 2533 472 2596 ς
491 2533 523 2582 33
541 2530 621 2582 echon
639 2545 677 2582 er·
764 2529 986 2594 Delphici—dei,
1000 2530 1113 2595 eglcic
1125 2530 1236 2597 delogg.

168 2596 257 2648 wilmt
273 2596 314 2648 ise
724 2601 752 2658 ri,
765 2598 810 2649 22:
824 2599 962 2662 praecepte·
974 2601 1049 2648 mota
1066 2599 1107 2648 oie
1118 2623 1153 2636 -·
1165 2602 1196 2648 ut
1206 2615 1237 2648 ee

203 2665 352 2728 inclinasse,
367 2658 434 2716 ‘cum
447 2663 544 2716 Sinken
556 2665 678 2731 gebracht
727 2679 782 2716 cen
799 2664 902 2714 loomim·
918 2665 1036 2730 recipiam
1052 2665 1099 2717 scd
1109 2665 1238 2732 Delpldco

170 2724 269 2793 heben’,
294 2731 345 2784 Cic.
363 2731 433 2784 Brut.
452 2735 476 2796 o,
495 2735 526 2786 38
550 2737 609 2798 segt
625 2747 676 2783 von
727 2732 777 2782 den
796 2733 966 2784 tribueretur.

169 2799 234 2852 ilrm:
259 2800 309 2851 Hie
326 2803 432 2868 primur
452 2801 560 2863 inflent
576 2803 678 2852 matie-
764 2801 804 2852 82.
816 2799 971 2866 Xenophon,
983 2815 1030 2853 nus
1042 2800 1099 2854 elem
1111 2802 1238 2854 ottisclren

168 2883 227 2919 reem
254 2871 281 2918 et
301 2883 359 2920 eene
379 2868 484 2920 mollem
508 2872 678 2934 teneramque
729 2867 822 2920 Demos
834 2865 932 2932 llrclrie,
951 2867 1009 2934 geh.
1026 2884 1069 2921 um
1082 2872 1132 2923 444
1144 2885 1169 2922 v.
1181 2869 1238 2921 (ihr.

166 2937 293 2988 reddidit.
730 2935 1239 3002 &hmooesSokratesoemhmtoureh

202 3003 288 3055 credie
301 3005 409 3055 dicendi
417 3019 523 3070 genere,
536 3019 556 3057 c
567 3020 598 3058 cu
610 3004 627 3072 p
638 3008 679 3059 tt.
729 3004 802 3058 scine
819 3002 968 3057 reitnanme
985 3019 1017 3056 an
1035 3004 1093 3058 dem
1105 3006 1176 3074 Zuge
1193 3006 1239 3059 nes

170 3072 220 3124 Cic.
240 3072 271 3124 tle
290 3071 332 3124 off.
350 3072 369 3138 l,
390 3075 411 3137 l,
429 3075 453 3124 3.
726 3073 854 3139 jungeren
866 3071 959 3140 llyros,
977 3088 1068 3140 wegen
1084 3075 1168 3127 seiner
1179 3074 1239 3126 llin-

204 3140 304 3204 meno,
316 3140 348 3192 de
357 3145 421 3194 oret.
430 3139 458 3204 ll,
469 3141 508 3204 tt,
519 3141 551 3192 oc
562 3144 679 3192 emortum
730 3141 843 3207 neigung
860 3155 918 3191 zum
935 3140 1103 3194 Lalronismus
1116 3145 1165 3196 399
1182 3157 1240 3194 rer·
1309 3163 1313 3170 ²

168 3211 281 3260 ictorum
289 3209 679 3274 moerententt'epelttr'rrtmue,
730 3206 822 3274 banni,
845 3207 913 3260 lebte
937 3208 1005 3261 deon
1027 3210 1054 3262 in
1076 3208 1173 3262 Slsillus
1197 3208 1238 3260 hei

169 3273 237 3328 Orsi.
254 3279 295 3341 nt,
307 3278 341 3329 et
357 3277 529 3328 meoiudicio
543 3280 681 3343 praestitit
730 3275 792 3342 Elis,
808 3275 900 3328 dmoni
913 3276 939 3328 in
952 3275 1066 3343 llorintlr,
1083 3277 1239 3330 schlieleliclr

170 3345 289 3394 caeteris.
730 3344 778 3396 mit
795 3343 878 3396 Athen
899 3345 1069 3411 eusgesohnt,
1093 3346 1163 3398 etech
1181 3347 1239 3398 ³⁵⁵.

205 3413 245 3464 81.
263 3410 299 3462 Μ.
314 3410 425 3477 lulittae,
442 3409 510 3464 Oret.
523 3414 547 3476 3,
562 3415 607 3464 lt:
624 3413 679 3464 Fe·
764 3417 844 3462 ut-
862 3413 1012 3476 uideam,
1030 3413 1083 3479 vgl.
1101 3413 1151 3468 Cic.
1170 3413 1239 3465 Orat.

170 3483 280 3528 merone
293 3479 680 3553 oratoremste'modolea'maut
733 3483 772 3543 19,
795 3482 827 3532 6²
856 3479 1039 3547 Xeneptontts
1076 3497 1121 3532 ore
1150 3481 1240 3532 Murus

168 3549 680 3676 tttt⁹ttttt¹tttwttttlt
731 3546 1055 3684 ‘mittimur
1069 3618 1109 3680 ιο,
1122 3619 1167 3668 1⁷2
1184 3616 1240 3668 m

167 3685 266 3750 spatiis
281 3684 409 3736 amimea.
730 3699 771 3734 me
795 3687 927 3748 praeterit
946 3699 1080 3742 ,commum
1107 3687 1240 3736 oratorem

204 3751 295 3814 Picto,
320 3750 433 3818 geboren
451 3752 498 3804 tot
517 3765 544 3803 v.
562 3749 618 3802 (ihr.
636 3764 680 3816 ge-
730 3749 857 3803 Pere'clem
881 3754 921 3802 eie
944 3768 960 3801 c
985 3755 1085 3803 comico
1108 3752 1242 3820 Eupolide

170 3819 274 3872 sterben
298 3821 348 3872 8⁴8
375 3834 407 3872 nn
436 3819 532 3872 seinem
559 3817 679 3872 Gebmte·
731 3819 841 3870 mederi
857 3843 891 3864 ..
908 3816 1008 3870 Πειθώ
1026 3834 1067 3871 τις
1084 3818 1241 3887 ἐπεκάθητο

172 3891 244 3952 tage,
262 3885 306 3938 der
324 3886 419 3954 grolste
437 3886 544 3939 Schuler
567 3885 612 3940 des
633 3885 680 3939 So·
730 3889 802 3938 cetea
818 3882 943 3950 χείλεσιν.
