<?xml version="1.0" encoding="UTF-8"?>
<!DOCTYPE html PUBLIC "-//W3C//DTD XHTML 1.0 Transitional//EN"
    "http://www.w3.org/TR/xhtml1/DTD/xhtml1-transitional.dtd">
<html xmlns="http://www.w3.org/1999/xhtml" xml:lang="en" lang="en">
 <head>
  <title>
</title>
<meta http-equiv="Content-Type" content="text/html;charset=utf-8" />
  <meta name='ocr-system' content='tesseract 3.04.00' />
  <meta name='ocr-capabilities' content='ocr_page ocr_carea ocr_par ocr_line ocrx_word'/>
</head>
<body>
  <div class='ocr_page' id='page_1' title='image "./mfabiiquintilia13quingoog_0081.png"; bbox 0 0 2918 4564; ppageno 0'>
   <div class='ocr_carea' id='block_1_1' title="bbox 216 202 909 269">
    <p class='ocr_par' dir='ltr' id='par_1_1' title="bbox 216 202 909 269">
     <span class='ocr_line' id='line_1_1' title="bbox 216 202 909 269; baseline 0 -13"><span class='ocrx_word' id='word_1_1' title='bbox 216 203 257 263; x_wconf 77' lang='lat'>74</span> <span class='ocrx_word' id='word_1_2' title='bbox 591 203 698 256; x_wconf 77' lang='lat' dir='ltr'>orror</span> <span class='ocrx_word' id='word_1_3' title='bbox 716 202 748 258; x_wconf 81' lang='lat' dir='ltr'>v,</span> <span class='ocrx_word' id='word_1_4' title='bbox 766 205 781 269; x_wconf 71' lang='lat' dir='ltr'>s</span> <span class='ocrx_word' id='word_1_5' title='bbox 801 206 909 258; x_wconf 81' lang='grc' dir='ltr'><strong>ττ-ια.</strong></span> 
     </span>
    </p>
   </div>
   <div class='ocr_carea' id='block_1_2' title="bbox 169 377 1291 914">
    <p class='ocr_par' dir='ltr' id='par_1_2' title="bbox 169 377 1291 914">
     <span class='ocr_line' id='line_1_2' title="bbox 218 377 1291 460; baseline -0.002 -16"><span class='ocrx_word' id='word_1_6' title='bbox 218 399 400 454; x_wconf 84' lang='lat' dir='ltr'>communes,</span> <span class='ocrx_word' id='word_1_7' title='bbox 416 399 492 460; x_wconf 86' lang='lat' dir='ltr'>quos</span> <span class='ocrx_word' id='word_1_8' title='bbox 507 380 593 441; x_wconf 88' lang='lat' dir='ltr'>etiam</span> <span class='ocrx_word' id='word_1_9' title='bbox 615 379 743 458; x_wconf 82' lang='lat' dir='ltr'>scriptos</span> <span class='ocrx_word' id='word_1_10' title='bbox 762 378 799 440; x_wconf 86' lang='lat' dir='ltr'>ab</span> <span class='ocrx_word' id='word_1_11' title='bbox 821 377 988 440; x_wconf 84' lang='lat' dir='ltr'>oratoribus</span> <span class='ocrx_word' id='word_1_12' title='bbox 1002 377 1120 440; x_wconf 65' lang='lat' dir='ltr'>sumus.</span> <span class='ocrx_word' id='word_1_13' title='bbox 1150 379 1223 440; x_wconf 88' lang='lat' dir='ltr'>Nam</span> <span class='ocrx_word' id='word_1_14' title='bbox 1240 382 1291 460; x_wconf 87' lang='lat' dir='ltr'>qui</span> 
     </span>
     <span class='ocr_line' id='line_1_3' title="bbox 217 463 1291 544; baseline 0 -16"><span class='ocrx_word' id='word_1_15' title='bbox 217 469 290 528; x_wconf 80' lang='lat' dir='ltr'>boec</span> <span class='ocrx_word' id='word_1_16' title='bbox 305 475 384 528; x_wconf 85' lang='lat' dir='ltr'>recta</span> <span class='ocrx_word' id='word_1_17' title='bbox 399 473 514 526; x_wconf 84' lang='lat' dir='ltr'>tanturn</span> <span class='ocrx_word' id='word_1_18' title='bbox 537 472 567 524; x_wconf 88' lang='lat' dir='ltr'>et</span> <span class='ocrx_word' id='word_1_19' title='bbox 586 465 617 525; x_wconf 90' lang='lat' dir='ltr'>in</span> <span class='ocrx_word' id='word_1_20' title='bbox 639 465 738 525; x_wconf 89' lang='lat' dir='ltr'>nullos</span> <span class='ocrx_word' id='word_1_21' title='bbox 757 463 851 524; x_wconf 84' lang='lat' dir='ltr'>flexus</span> <span class='ocrx_word' id='word_1_22' title='bbox 865 463 1032 525; x_wconf 88' lang='lat' dir='ltr'>recedentia</span> <span class='ocrx_word' id='word_1_23' title='bbox 1048 464 1168 544; x_wconf 86' lang='lat' dir='ltr'>copiose</span> <span class='ocrx_word' id='word_1_24' title='bbox 1182 471 1291 528; x_wconf 84' lang='lat' dir='ltr'>tracta·</span> 
     </span>
     <span class='ocr_line' id='line_1_4' title="bbox 217 548 1291 631; baseline 0 -19"><span class='ocrx_word' id='word_1_25' title='bbox 217 552 301 625; x_wconf 78' lang='lat' dir='ltr'>verit,</span> <span class='ocrx_word' id='word_1_26' title='bbox 316 551 419 631; x_wconf 87' lang='lat' dir='ltr'>utique</span> <span class='ocrx_word' id='word_1_27' title='bbox 434 551 465 611; x_wconf 95' lang='lat' dir='ltr'>in</span> <span class='ocrx_word' id='word_1_28' title='bbox 481 549 538 612; x_wconf 86' lang='lat' dir='ltr'>iilis</span> <span class='ocrx_word' id='word_1_29' title='bbox 552 550 654 629; x_wconf 85' lang='lat' dir='ltr'>plures</span> <span class='ocrx_word' id='word_1_30' title='bbox 669 567 812 610; x_wconf 73' lang='lat' dir='ltr'>excursus</span> <span class='ocrx_word' id='word_1_31' title='bbox 825 548 1038 629; x_wconf 70' lang='lat' dir='ltr'>recipientibus</span> <span class='ocrx_word' id='word_1_32' title='bbox 1048 549 1143 628; x_wconf 72' lang='lat' dir='ltr'>magis</span> <span class='ocrx_word' id='word_1_33' title='bbox 1158 549 1291 612; x_wconf 83' lang='lat' dir='ltr'>abnnda-</span> 
     </span>
     <span class='ocr_line' id='line_1_5' title="bbox 169 633 1291 715; baseline 0.002 -19"><span class='ocrx_word' id='word_1_34' title='bbox 169 646 197 696; x_wconf 80' lang='grc'>13</span> <span class='ocrx_word' id='word_1_35' title='bbox 218 637 264 706; x_wconf 80' lang='lat' dir='ltr'>bit</span> <span class='ocrx_word' id='word_1_36' title='bbox 280 637 395 715; x_wconf 87' lang='lat' dir='ltr'>eritque</span> <span class='ocrx_word' id='word_1_37' title='bbox 416 636 448 696; x_wconf 91' lang='lat' dir='ltr'>in</span> <span class='ocrx_word' id='word_1_38' title='bbox 469 635 567 696; x_wconf 87' lang='lat' dir='ltr'>omnis</span> <span class='ocrx_word' id='word_1_39' title='bbox 590 653 691 696; x_wconf 81' lang='lat' dir='ltr'>causas</span> <span class='ocrx_word' id='word_1_40' title='bbox 713 643 841 714; x_wconf 86' lang='lat' dir='ltr'>paratus.</span> <span class='ocrx_word' id='word_1_41' title='bbox 873 633 984 696; x_wconf 81' lang='lat' dir='ltr'>Omnes</span> <span class='ocrx_word' id='word_1_42' title='bbox 1005 633 1084 695; x_wconf 89' lang='lat' dir='ltr'>enim</span> <span class='ocrx_word' id='word_1_43' title='bbox 1101 635 1291 713; x_wconf 75' lang='lat' dir='ltr'>generalibus</span> 
     </span>
     <span class='ocr_line' id='line_1_6' title="bbox 218 711 1291 802; baseline -0.001 -18"><span class='ocrx_word' id='word_1_44' title='bbox 218 721 445 802; x_wconf 74' lang='lat' dir='ltr'>quaestionibus</span> <span class='ocrx_word' id='word_1_45' title='bbox 460 729 607 782; x_wconf 88' lang='lat' dir='ltr'>constant.</span> <span class='ocrx_word' id='word_1_46' title='bbox 637 720 712 782; x_wconf 74' lang='lat' dir='ltr'>iiam</span> <span class='ocrx_word' id='word_1_47' title='bbox 727 719 796 798; x_wconf 85' lang='lat' dir='ltr'>quid</span> <span class='ocrx_word' id='word_1_48' title='bbox 815 718 949 793; x_wconf 79' lang='lat' dir='ltr'>interest,</span> <span class='ocrx_word' id='word_1_49' title='bbox 961 711 1131 781; x_wconf 81' lang='lat' dir='ltr'>‘Cornelius</span> <span class='ocrx_word' id='word_1_50' title='bbox 1150 719 1291 783; x_wconf 90' lang='lat' dir='ltr'>tribunus</span> 
     </span>
     <span class='ocr_line' id='line_1_7' title="bbox 215 793 1291 914; baseline 0.001 -46"><span class='ocrx_word' id='word_1_51' title='bbox 215 807 328 914; x_wconf 62' lang='lat' dir='ltr'>piebis,</span> <span class='ocrx_word' id='word_1_52' title='bbox 351 808 428 886; x_wconf 90' lang='lat' dir='ltr'>quod</span> <span class='ocrx_word' id='word_1_53' title='bbox 445 805 576 867; x_wconf 78' lang='lat' dir='ltr'>codicem</span> <span class='ocrx_word' id='word_1_54' title='bbox 592 805 711 883; x_wconf 77' lang='lat' dir='ltr'>legerit,</span> <span class='ocrx_word' id='word_1_55' title='bbox 732 816 843 866; x_wconf 75' lang='lat' dir='ltr'>rcctme</span> <span class='ocrx_word' id='word_1_56' title='bbox 862 823 932 866; x_wconf 89' lang='lat' dir='ltr'>reus</span> <span class='ocrx_word' id='word_1_57' title='bbox 953 793 1016 878; x_wconf 84' lang='lat' dir='ltr'>sit&#39;,</span> <span class='ocrx_word' id='word_1_58' title='bbox 1038 823 1228 883; x_wconf 78' lang='lat' dir='ltr'>quaeramus,</span> <span class='ocrx_word' id='word_1_59' title='bbox 1251 825 1291 869; x_wconf 80' lang='lat' dir='ltr'>cn</span> 
     </span>
    </p>
   </div>
   <div class='ocr_carea' id='block_1_3' title="bbox 167 888 1290 1739">
    <p class='ocr_par' dir='ltr' id='par_1_3' title="bbox 167 888 1290 1739">
     <span class='ocr_line' id='line_1_8' title="bbox 228 888 1290 971; baseline 0 -18"><span class='ocrx_word' id='word_1_60' title='bbox 228 892 393 954; x_wconf 78' lang='lat' dir='ltr'>violeturne</span> <span class='ocrx_word' id='word_1_61' title='bbox 408 891 552 965; x_wconf 85' lang='lat' dir='ltr'>maiestas,</span> <span class='ocrx_word' id='word_1_62' title='bbox 568 890 791 970; x_wconf 81' lang='lat' dir='ltr'>simogistratus</span> <span class='ocrx_word' id='word_1_63' title='bbox 802 888 987 968; x_wconf 80' lang='lat' dir='ltr'>rogationem</span> <span class='ocrx_word' id='word_1_64' title='bbox 1001 907 1084 950; x_wconf 85' lang='lat' dir='ltr'>suern</span> <span class='ocrx_word' id='word_1_65' title='bbox 1099 891 1211 970; x_wconf 87' lang='lat' dir='ltr'>populo</span> <span class='ocrx_word' id='word_1_66' title='bbox 1227 892 1290 971; x_wconf 89' lang='lat' dir='ltr'>ipse</span> 
     </span>
     <span class='ocr_line' id='line_1_9' title="bbox 218 965 1286 1051; baseline -0.003 -12"><span class='ocrx_word' id='word_1_67' title='bbox 218 967 386 1039; x_wconf 75' lang='lat' dir='ltr'>recitaritt&#39;</span> <span class='ocrx_word' id='word_1_68' title='bbox 402 969 484 1038; x_wconf 81' lang='lat' dir='ltr'>‘Milo</span> <span class='ocrx_word' id='word_1_69' title='bbox 500 975 633 1038; x_wconf 85' lang='lat' dir='ltr'>Clodium</span> <span class='ocrx_word' id='word_1_70' title='bbox 649 983 771 1036; x_wconf 88' lang='lat' dir='ltr'>rectene</span> <span class='ocrx_word' id='word_1_71' title='bbox 786 965 954 1048; x_wconf 85' lang='lat' dir='ltr'>deciderit&#39;,</span> <span class='ocrx_word' id='word_1_72' title='bbox 976 974 1074 1036; x_wconf 88' lang='lat' dir='ltr'>veniat</span> <span class='ocrx_word' id='word_1_73' title='bbox 1088 975 1119 1039; x_wconf 87' lang='lat' dir='ltr'>in</span> <span class='ocrx_word' id='word_1_74' title='bbox 1136 975 1286 1051; x_wconf 78' lang='lat' dir='ltr'>iudicium,</span> 
     </span>
     <span class='ocr_line' id='line_1_10' title="bbox 218 1055 1289 1142; baseline -0.002 -18"><span class='ocrx_word' id='word_1_75' title='bbox 218 1082 256 1124; x_wconf 89' lang='lat' dir='ltr'>an</span> <span class='ocrx_word' id='word_1_76' title='bbox 276 1055 464 1142; x_wconf 78' lang='lat' dir='ltr'>‘oporteatne</span> <span class='ocrx_word' id='word_1_77' title='bbox 485 1061 685 1123; x_wconf 78' lang='lat' dir='ltr'>insidiatorem</span> <span class='ocrx_word' id='word_1_78' title='bbox 708 1060 836 1121; x_wconf 81' lang='lat' dir='ltr'>interfici</span> <span class='ocrx_word' id='word_1_79' title='bbox 857 1060 903 1120; x_wconf 88' lang='lat' dir='ltr'>vel</span> <span class='ocrx_word' id='word_1_80' title='bbox 918 1059 1118 1139; x_wconf 87' lang='lat' dir='ltr'>perniciosum</span> <span class='ocrx_word' id='word_1_81' title='bbox 1133 1060 1176 1122; x_wconf 89' lang='lat' dir='ltr'>rei</span> <span class='ocrx_word' id='word_1_82' title='bbox 1191 1060 1289 1141; x_wconf 88' lang='lat' dir='ltr'>publi·</span> 
     </span>
     <span class='ocr_line' id='line_1_11' title="bbox 219 1137 1289 1221; baseline 0 -13"><span class='ocrx_word' id='word_1_83' title='bbox 219 1167 270 1209; x_wconf 88' lang='grc' dir='ltr'>θθα</span> <span class='ocrx_word' id='word_1_84' title='bbox 294 1147 396 1221; x_wconf 87' lang='lat' dir='ltr'>civem,</span> <span class='ocrx_word' id='word_1_85' title='bbox 418 1147 614 1208; x_wconf 87' lang='lat' dir='ltr'>etiamsinon</span> <span class='ocrx_word' id='word_1_86' title='bbox 636 1137 827 1207; x_wconf 79' lang='lat' dir='ltr'>insidietur‘i&#39;</span> <span class='ocrx_word' id='word_1_87' title='bbox 859 1138 943 1206; x_wconf 83' lang='lat' dir='ltr'>‘Cato</span> <span class='ocrx_word' id='word_1_88' title='bbox 966 1145 1103 1206; x_wconf 85' lang='lat' dir='ltr'>Marciam</span> <span class='ocrx_word' id='word_1_89' title='bbox 1125 1146 1289 1208; x_wconf 81' lang='lat' dir='ltr'>honestene</span> 
     </span>
     <span class='ocr_line' id='line_1_12' title="bbox 218 1221 1289 1305; baseline -0.001 -11"><span class='ocrx_word' id='word_1_90' title='bbox 218 1233 370 1294; x_wconf 81' lang='lat' dir='ltr'>tradiderit</span> <span class='ocrx_word' id='word_1_91' title='bbox 386 1222 574 1305; x_wconf 56' lang='lat' dir='ltr'>Hortensio,</span> <span class='ocrx_word' id='word_1_92' title='bbox 598 1251 635 1292; x_wconf 88' lang='lat' dir='ltr'>an</span> <span class='ocrx_word' id='word_1_93' title='bbox 650 1223 858 1292; x_wconf 79' lang='lat' dir='ltr'>‘conveniatne</span> <span class='ocrx_word' id='word_1_94' title='bbox 873 1248 921 1292; x_wconf 87' lang='lat' dir='ltr'>res</span> <span class='ocrx_word' id='word_1_95' title='bbox 942 1230 1008 1292; x_wconf 90' lang='lat' dir='ltr'>talis</span> <span class='ocrx_word' id='word_1_96' title='bbox 1029 1229 1110 1292; x_wconf 91' lang='lat' dir='ltr'>bono</span> <span class='ocrx_word' id='word_1_97' title='bbox 1125 1221 1213 1292; x_wconf 80' lang='lat' dir='ltr'>viro&#39;</span> <span class='ocrx_word' id='word_1_98' title='bbox 1246 1231 1289 1293; x_wconf 86' lang='lat' dir='ltr'>De</span> 
     </span>
     <span class='ocr_line' id='line_1_13' title="bbox 167 1315 1288 1399; baseline 0.002 -23"><span class='ocrx_word' id='word_1_99' title='bbox 167 1325 196 1376; x_wconf 81' lang='lat' dir='ltr'>tt</span> <span class='ocrx_word' id='word_1_100' title='bbox 216 1319 353 1399; x_wconf 87' lang='lat' dir='ltr'>personis</span> <span class='ocrx_word' id='word_1_101' title='bbox 364 1318 519 1392; x_wconf 89' lang='lat' dir='ltr'>iudicatur,</span> <span class='ocrx_word' id='word_1_102' title='bbox 531 1318 581 1379; x_wconf 90' lang='lat' dir='ltr'>sed</span> <span class='ocrx_word' id='word_1_103' title='bbox 594 1318 630 1378; x_wconf 90' lang='lat' dir='ltr'>de</span> <span class='ocrx_word' id='word_1_104' title='bbox 641 1315 731 1378; x_wconf 91' lang='lat' dir='ltr'>rebus</span> <span class='ocrx_word' id='word_1_105' title='bbox 742 1315 942 1376; x_wconf 90' lang='lat' dir='ltr'>contenditur.</span> <span class='ocrx_word' id='word_1_106' title='bbox 965 1315 1288 1392; x_wconf 79' lang='lat' dir='ltr'>Declamatienesvero‚</span> 
     </span>
     <span class='ocr_line' id='line_1_14' title="bbox 218 1400 1289 1484; baseline -0.001 -21"><span class='ocrx_word' id='word_1_107' title='bbox 218 1404 320 1484; x_wconf 85' lang='lat' dir='ltr'>quales</span> <span class='ocrx_word' id='word_1_108' title='bbox 335 1403 365 1464; x_wconf 93' lang='lat' dir='ltr'>in</span> <span class='ocrx_word' id='word_1_109' title='bbox 381 1403 490 1465; x_wconf 87' lang='lat' dir='ltr'>scholis</span> <span class='ocrx_word' id='word_1_110' title='bbox 504 1403 658 1464; x_wconf 81' lang='lat' dir='ltr'>rbetomm</span> <span class='ocrx_word' id='word_1_111' title='bbox 673 1401 824 1473; x_wconf 79' lang='lat' dir='ltr'>dicuntur,</span> <span class='ocrx_word' id='word_1_112' title='bbox 846 1400 870 1462; x_wconf 90' lang='lat' dir='ltr'>si</span> <span class='ocrx_word' id='word_1_113' title='bbox 892 1400 980 1462; x_wconf 88' lang='lat' dir='ltr'>modo</span> <span class='ocrx_word' id='word_1_114' title='bbox 1002 1402 1122 1462; x_wconf 90' lang='lat' dir='ltr'>suntad</span> <span class='ocrx_word' id='word_1_115' title='bbox 1137 1402 1289 1463; x_wconf 83' lang='lat' dir='ltr'>veritatem</span> 
     </span>
     <span class='ocr_line' id='line_1_15' title="bbox 216 1485 1289 1559; baseline -0.002 -9"><span class='ocrx_word' id='word_1_116' title='bbox 216 1489 453 1550; x_wconf 77' lang='lat' dir='ltr'>accommodatae</span> <span class='ocrx_word' id='word_1_117' title='bbox 469 1496 499 1549; x_wconf 93' lang='lat' dir='ltr'>et</span> <span class='ocrx_word' id='word_1_118' title='bbox 515 1487 700 1548; x_wconf 87' lang='lat' dir='ltr'>orationibus</span> <span class='ocrx_word' id='word_1_119' title='bbox 713 1485 835 1559; x_wconf 76' lang='lat' dir='ltr'>similes,</span> <span class='ocrx_word' id='word_1_120' title='bbox 857 1505 918 1546; x_wconf 87' lang='lat' dir='ltr'>non</span> <span class='ocrx_word' id='word_1_121' title='bbox 934 1493 1048 1546; x_wconf 71' lang='lat' dir='ltr'>mutum</span> <span class='ocrx_word' id='word_1_122' title='bbox 1065 1486 1135 1547; x_wconf 87' lang='lat' dir='ltr'>darn</span> <span class='ocrx_word' id='word_1_123' title='bbox 1149 1487 1289 1549; x_wconf 85' lang='lat' dir='ltr'>adolescit</span> 
     </span>
     <span class='ocr_line' id='line_1_16' title="bbox 218 1571 1288 1655; baseline -0.002 -20"><span class='ocrx_word' id='word_1_124' title='bbox 218 1575 369 1655; x_wconf 82' lang='lat' dir='ltr'>proiectus</span> <span class='ocrx_word' id='word_1_125' title='bbox 389 1582 460 1634; x_wconf 92' lang='lat' dir='ltr'>sunt</span> <span class='ocrx_word' id='word_1_126' title='bbox 483 1573 662 1643; x_wconf 84' lang='lat' dir='ltr'>utilissimae,</span> <span class='ocrx_word' id='word_1_127' title='bbox 690 1571 758 1650; x_wconf 91' lang='lat' dir='ltr'>quia</span> <span class='ocrx_word' id='word_1_128' title='bbox 780 1571 982 1631; x_wconf 82' lang='lat' dir='ltr'>inventionem</span> <span class='ocrx_word' id='word_1_129' title='bbox 1010 1581 1039 1632; x_wconf 89' lang='lat' dir='ltr'>et</span> <span class='ocrx_word' id='word_1_130' title='bbox 1064 1571 1288 1650; x_wconf 85' lang='lat' dir='ltr'>dispositionem</span> 
     </span>
     <span class='ocr_line' id='line_1_17' title="bbox 216 1657 1288 1739; baseline -0.001 -20"><span class='ocrx_word' id='word_1_131' title='bbox 216 1659 329 1739; x_wconf 85' lang='lat' dir='ltr'>pariter</span> <span class='ocrx_word' id='word_1_132' title='bbox 343 1665 492 1730; x_wconf 82' lang='lat' dir='ltr'>exercent,</span> <span class='ocrx_word' id='word_1_133' title='bbox 508 1658 559 1718; x_wconf 88' lang='lat' dir='ltr'>sed</span> <span class='ocrx_word' id='word_1_134' title='bbox 575 1657 660 1718; x_wconf 86' lang='lat' dir='ltr'>etiam</span> <span class='ocrx_word' id='word_1_135' title='bbox 677 1675 745 1718; x_wconf 88' lang='lat' dir='ltr'>cum</span> <span class='ocrx_word' id='word_1_136' title='bbox 761 1664 805 1718; x_wconf 90' lang='lat' dir='ltr'>est</span> <span class='ocrx_word' id='word_1_137' title='bbox 817 1665 1038 1718; x_wconf 88' lang='lat' dir='ltr'>consummatus</span> <span class='ocrx_word' id='word_1_138' title='bbox 1052 1674 1086 1717; x_wconf 89' lang='lat' dir='ltr'>ac</span> <span class='ocrx_word' id='word_1_139' title='bbox 1102 1657 1159 1717; x_wconf 85' lang='lat' dir='ltr'>iam</span> <span class='ocrx_word' id='word_1_140' title='bbox 1175 1657 1206 1718; x_wconf 89' lang='lat' dir='ltr'>in</span> <span class='ocrx_word' id='word_1_141' title='bbox 1223 1659 1288 1718; x_wconf 87' lang='lat' dir='ltr'>iore</span> 
     </span>
    </p>
   </div>
   <div class='ocr_carea' id='block_1_4' title="bbox 133 1771 1401 3946">
    <p class='ocr_par' dir='ltr' id='par_1_4' title="bbox 133 1771 1401 3946">
     <span class='ocr_line' id='line_1_18' title="bbox 216 1771 1288 1839; baseline 0 -14"><span class='ocrx_word' id='word_1_142' title='bbox 216 1791 266 1826; x_wconf 81' lang='lat' dir='ltr'>noc</span> <span class='ocrx_word' id='word_1_143' title='bbox 286 1776 316 1824; x_wconf 78' lang='lat' dir='ltr'>tn</span> <span class='ocrx_word' id='word_1_144' title='bbox 333 1777 393 1839; x_wconf 79' lang='lat' dir='ltr'>ipsa</span> <span class='ocrx_word' id='word_1_145' title='bbox 412 1775 478 1824; x_wconf 79' lang='lat' dir='ltr'>citio</span> <span class='ocrx_word' id='word_1_146' title='bbox 496 1775 580 1823; x_wconf 75' lang='lat' dir='ltr'>meris</span> <span class='ocrx_word' id='word_1_147' title='bbox 597 1778 636 1823; x_wconf 81' lang='lat' dir='ltr'>est</span> <span class='ocrx_word' id='word_1_148' title='bbox 649 1788 727 1838; x_wconf 82' lang='lat' dir='ltr'>pero·</span> <span class='ocrx_word' id='word_1_149' title='bbox 780 1771 904 1839; x_wconf 80' lang='lat' dir='ltr'>gesehah‚</span> <span class='ocrx_word' id='word_1_150' title='bbox 928 1787 959 1824; x_wconf 86' lang='lat' dir='ltr'>zu</span> <span class='ocrx_word' id='word_1_151' title='bbox 979 1772 1154 1824; x_wconf 81' lang='lat' dir='ltr'>widersetzen.</span> <span class='ocrx_word' id='word_1_152' title='bbox 1190 1771 1226 1824; x_wconf 85' lang='lat' dir='ltr'>Da</span> <span class='ocrx_word' id='word_1_153' title='bbox 1249 1773 1288 1826; x_wconf 87' lang='lat' dir='ltr'>ias</span> 
     </span>
     <span class='ocr_line' id='line_1_19' title="bbox 215 1839 1288 1908; baseline -0.001 -14"><span class='ocrx_word' id='word_1_154' title='bbox 215 1857 288 1908; x_wconf 80' lang='lat' dir='ltr'>rare,</span> <span class='ocrx_word' id='word_1_155' title='bbox 304 1847 336 1893; x_wconf 81' lang='lat' dir='ltr'>ut</span> <span class='ocrx_word' id='word_1_156' title='bbox 352 1843 382 1892; x_wconf 82' lang='lat' dir='ltr'>in</span> <span class='ocrx_word' id='word_1_157' title='bbox 396 1841 557 1906; x_wconf 77' lang='lat' dir='ltr'>adulterum,</span> <span class='ocrx_word' id='word_1_158' title='bbox 576 1843 728 1905; x_wconf 78' lang='lat' dir='ltr'>aleatorem,</span> <span class='ocrx_word' id='word_1_159' title='bbox 780 1839 913 1892; x_wconf 79' lang='lat' dir='ltr'>Cornelius</span> <span class='ocrx_word' id='word_1_160' title='bbox 931 1840 972 1891; x_wconf 87' lang='lat' dir='ltr'>die</span> <span class='ocrx_word' id='word_1_161' title='bbox 990 1839 1118 1906; x_wconf 75' lang='lat' dir='ltr'>Rogation</span> <span class='ocrx_word' id='word_1_162' title='bbox 1136 1839 1217 1893; x_wconf 87' lang='lat' dir='ltr'>seibst</span> <span class='ocrx_word' id='word_1_163' title='bbox 1234 1854 1288 1907; x_wconf 84' lang='lat' dir='ltr'>vor,</span> 
     </span>
     <span class='ocr_line' id='line_1_20' title="bbox 210 1907 1290 1977; baseline 0 -15"><span class='ocrx_word' id='word_1_164' title='bbox 210 1913 386 1977; x_wconf 78' lang='lat' dir='ltr'>petulantem.</span> <span class='ocrx_word' id='word_1_165' title='bbox 779 1907 869 1962; x_wconf 85' lang='lat' dir='ltr'>werde</span> <span class='ocrx_word' id='word_1_166' title='bbox 891 1907 998 1960; x_wconf 84' lang='lat' dir='ltr'>desbalb</span> <span class='ocrx_word' id='word_1_167' title='bbox 1018 1909 1053 1960; x_wconf 86' lang='lat' dir='ltr'>iro</span> <span class='ocrx_word' id='word_1_168' title='bbox 1070 1909 1095 1964; x_wconf 80' lang='lat' dir='ltr'>J.</span> <span class='ocrx_word' id='word_1_169' title='bbox 1113 1911 1145 1962; x_wconf 81' lang='grc'>65</span> <span class='ocrx_word' id='word_1_170' title='bbox 1164 1909 1210 1961; x_wconf 90' lang='lat' dir='ltr'>der</span> <span class='ocrx_word' id='word_1_171' title='bbox 1227 1908 1290 1962; x_wconf 67' lang='lat' dir='ltr'>Ver»</span> 
     </span>
     <span class='ocr_line' id='line_1_21' title="bbox 250 1975 1290 2044; baseline -0.001 -11"><span class='ocrx_word' id='word_1_172' title='bbox 250 1982 282 2033; x_wconf 82' lang='lat' dir='ltr'>ob</span> <span class='ocrx_word' id='word_1_173' title='bbox 302 1980 464 2042; x_wconf 74' lang='lat' dir='ltr'>oratoribus,</span> <span class='ocrx_word' id='word_1_174' title='bbox 482 1993 503 2030; x_wconf 84' lang='lat' dir='ltr'>z.</span> <span class='ocrx_word' id='word_1_175' title='bbox 522 1975 550 2029; x_wconf 91' lang='lat' dir='ltr'>B.</span> <span class='ocrx_word' id='word_1_176' title='bbox 570 1977 657 2030; x_wconf 84' lang='lat' dir='ltr'>Cicero</span> <span class='ocrx_word' id='word_1_177' title='bbox 675 1976 726 2030; x_wconf 87' lang='lat' dir='ltr'>uod</span> <span class='ocrx_word' id='word_1_178' title='bbox 778 1976 883 2042; x_wconf 75' lang='lat' dir='ltr'>letzuug</span> <span class='ocrx_word' id='word_1_179' title='bbox 899 1976 944 2028; x_wconf 91' lang='lat' dir='ltr'>der</span> <span class='ocrx_word' id='word_1_180' title='bbox 956 1977 1075 2030; x_wconf 83' lang='lat' dir='ltr'>maiestas</span> <span class='ocrx_word' id='word_1_181' title='bbox 1087 1991 1147 2044; x_wconf 85' lang='lat' dir='ltr'>pop.</span> <span class='ocrx_word' id='word_1_182' title='bbox 1160 1976 1232 2031; x_wconf 88' lang='lat' dir='ltr'>Rom.</span> <span class='ocrx_word' id='word_1_183' title='bbox 1246 1993 1290 2032; x_wconf 84' lang='grc' dir='ltr'>αθ-</span> 
     </span>
     <span class='ocr_line' id='line_1_22' title="bbox 215 2043 1288 2111; baseline -0.001 -13"><span class='ocrx_word' id='word_1_184' title='bbox 215 2045 365 2099; x_wconf 86' lang='lat' dir='ltr'>Hortensius</span> <span class='ocrx_word' id='word_1_185' title='bbox 374 2045 402 2111; x_wconf 89' lang='lat'>11,</span> <span class='ocrx_word' id='word_1_186' title='bbox 415 2050 436 2109; x_wconf 87' lang='lat' dir='ltr'>l,</span> <span class='ocrx_word' id='word_1_187' title='bbox 449 2048 492 2097; x_wconf 79' lang='lat'>11:</span> <span class='ocrx_word' id='word_1_188' title='bbox 505 2060 657 2096; x_wconf 81' lang='lat' dir='ltr'>communes</span> <span class='ocrx_word' id='word_1_189' title='bbox 666 2045 726 2107; x_wconf 81' lang='lat' dir='ltr'>toci,</span> <span class='ocrx_word' id='word_1_190' title='bbox 779 2044 897 2111; x_wconf 68' lang='lat' dir='ltr'>goldast,</span> <span class='ocrx_word' id='word_1_191' title='bbox 916 2043 1012 2109; x_wconf 86' lang='lat' dir='ltr'>jedoch</span> <span class='ocrx_word' id='word_1_192' title='bbox 1036 2060 1087 2097; x_wconf 92' lang='lat' dir='ltr'>von</span> <span class='ocrx_word' id='word_1_193' title='bbox 1106 2043 1193 2097; x_wconf 85' lang='lat' dir='ltr'>Cicero</span> <span class='ocrx_word' id='word_1_194' title='bbox 1218 2045 1288 2111; x_wconf 78' lang='lat' dir='ltr'>gliu-</span> 
     </span>
     <span class='ocr_line' id='line_1_23' title="bbox 215 2111 1287 2180; baseline -0.001 -14"><span class='ocrx_word' id='word_1_195' title='bbox 215 2117 271 2166; x_wconf 79' lang='lat' dir='ltr'>riee</span> <span class='ocrx_word' id='word_1_196' title='bbox 284 2118 331 2180; x_wconf 81' lang='lat' dir='ltr'>qui</span> <span class='ocrx_word' id='word_1_197' title='bbox 342 2113 644 2179; x_wconf 78' lang='lat' dir='ltr'>mutineittaderectr&#39;,</span> <span class='ocrx_word' id='word_1_198' title='bbox 662 2129 727 2179; x_wconf 80' lang='lat' dir='ltr'>quc·</span> <span class='ocrx_word' id='word_1_199' title='bbox 778 2112 843 2164; x_wconf 78' lang='lat' dir='ltr'>send</span> <span class='ocrx_word' id='word_1_200' title='bbox 860 2111 1005 2178; x_wconf 74' lang='lat' dir='ltr'>verteidigt,</span> <span class='ocrx_word' id='word_1_201' title='bbox 1023 2113 1075 2179; x_wconf 75' lang='lat' dir='ltr'>vgl.</span> <span class='ocrx_word' id='word_1_202' title='bbox 1092 2112 1143 2165; x_wconf 76' lang='lat' dir='ltr'>Cic</span> <span class='ocrx_word' id='word_1_203' title='bbox 1162 2114 1188 2164; x_wconf 88' lang='lat' dir='ltr'>in</span> <span class='ocrx_word' id='word_1_204' title='bbox 1203 2112 1287 2165; x_wconf 80' lang='lat' dir='ltr'>Vatin.</span> 
     </span>
     <span class='ocr_line' id='line_1_24' title="bbox 217 2181 846 2248; baseline 0.002 -15"><span class='ocrx_word' id='word_1_205' title='bbox 217 2182 254 2234; x_wconf 79' lang='lat' dir='ltr'>los</span> <span class='ocrx_word' id='word_1_206' title='bbox 272 2183 412 2248; x_wconf 70' lang='lat' dir='ltr'>legionesa</span> <span class='ocrx_word' id='word_1_207' title='bbox 425 2181 550 2233; x_wconf 78' lang='lat' dir='ltr'>Cicerone</span> <span class='ocrx_word' id='word_1_208' title='bbox 562 2184 727 2248; x_wconf 79' lang='lat' dir='ltr'>compositor,</span> <span class='ocrx_word' id='word_1_209' title='bbox 779 2185 803 2246; x_wconf 81' lang='lat'>2,</span> <span class='ocrx_word' id='word_1_210' title='bbox 822 2183 846 2234; x_wconf 83' lang='lat'>6.</span> 
     </span>
     <span class='ocr_line' id='line_1_25' title="bbox 215 2247 1360 2316; baseline 0 -14"><span class='ocrx_word' id='word_1_211' title='bbox 215 2267 262 2302; x_wconf 77' lang='lat' dir='ltr'>scu</span> <span class='ocrx_word' id='word_1_212' title='bbox 278 2253 374 2316; x_wconf 79' lang='lat' dir='ltr'>quibos</span> <span class='ocrx_word' id='word_1_213' title='bbox 386 2250 553 2316; x_wconf 79' lang='lat' dir='ltr'>quaestiones</span> <span class='ocrx_word' id='word_1_214' title='bbox 563 2250 728 2314; x_wconf 73' lang='lat' dir='ltr'>generaliter</span> <span class='ocrx_word' id='word_1_215' title='bbox 812 2248 885 2300; x_wconf 76' lang='lat' dir='ltr'>Milo.</span> <span class='ocrx_word' id='word_1_216' title='bbox 914 2247 1085 2314; x_wconf 70' lang='lat' dir='ltr'>DasGeIolge</span> <span class='ocrx_word' id='word_1_217' title='bbox 1103 2248 1288 2302; x_wconf 84' lang='lat' dir='ltr'>desbiilound</span> <span class='ocrx_word' id='word_1_218' title='bbox 1359 2265 1360 2278; x_wconf 61' lang='lat'>¹</span> 
     </span>
     <span class='ocr_line' id='line_1_26' title="bbox 216 2315 1288 2384; baseline 0 -15"><span class='ocrx_word' id='word_1_219' title='bbox 216 2322 378 2384; x_wconf 58' lang='lat' dir='ltr'>mactantur,</span> <span class='ocrx_word' id='word_1_220' title='bbox 397 2318 489 2384; x_wconf 76' lang='lat' dir='ltr'>quales</span> <span class='ocrx_word' id='word_1_221' title='bbox 505 2321 569 2367; x_wconf 76' lang='lat' dir='ltr'>eunt</span> <span class='ocrx_word' id='word_1_222' title='bbox 586 2319 652 2369; x_wconf 76' lang='lat' dir='ltr'>editi</span> <span class='ocrx_word' id='word_1_223' title='bbox 669 2317 726 2381; x_wconf 75' lang='lat' dir='ltr'>ao.</span> <span class='ocrx_word' id='word_1_224' title='bbox 778 2316 823 2368; x_wconf 86' lang='lat' dir='ltr'>des</span> <span class='ocrx_word' id='word_1_225' title='bbox 851 2315 954 2368; x_wconf 83' lang='lat' dir='ltr'>Clodius</span> <span class='ocrx_word' id='word_1_226' title='bbox 985 2316 1098 2382; x_wconf 77' lang='lat' dir='ltr'>gerieten</span> <span class='ocrx_word' id='word_1_227' title='bbox 1125 2317 1288 2384; x_wconf 79' lang='lat' dir='ltr'>aneinmder,</span> 
     </span>
     <span class='ocr_line' id='line_1_27' title="bbox 216 2379 1289 2452; baseline 0 -16"><span class='ocrx_word' id='word_1_228' title='bbox 216 2401 321 2452; x_wconf 79' lang='lat' dir='ltr'>quoque</span> <span class='ocrx_word' id='word_1_229' title='bbox 331 2387 487 2437; x_wconf 79' lang='lat' dir='ltr'>Hortensio:</span> <span class='ocrx_word' id='word_1_230' title='bbox 503 2379 624 2436; x_wconf 78' lang='lat' dir='ltr'>ut‘n&#39;tno</span> <span class='ocrx_word' id='word_1_231' title='bbox 632 2387 728 2452; x_wconf 77' lang='lat' dir='ltr'>parete</span> <span class='ocrx_word' id='word_1_232' title='bbox 778 2383 818 2436; x_wconf 89' lang='lat' dir='ltr'>ein</span> <span class='ocrx_word' id='word_1_233' title='bbox 837 2382 933 2436; x_wconf 82' lang='lat' dir='ltr'>Skiave</span> <span class='ocrx_word' id='word_1_234' title='bbox 950 2382 1025 2436; x_wconf 85' lang='lat' dir='ltr'>Miles</span> <span class='ocrx_word' id='word_1_235' title='bbox 1043 2384 1210 2437; x_wconf 79' lang='lat' dir='ltr'>vervundste</span> <span class='ocrx_word' id='word_1_236' title='bbox 1231 2385 1289 2436; x_wconf 81' lang='lat' dir='ltr'>Gie-</span> 
     </span>
     <span class='ocr_line' id='line_1_28' title="bbox 216 2447 1287 2520; baseline 0 -14"><span class='ocrx_word' id='word_1_237' title='bbox 216 2457 384 2520; x_wconf 63' lang='lat' dir='ltr'>ammte</span> <span class='ocrx_word' id='word_1_238' title='bbox 410 2447 598 2505; x_wconf 76' lang='lat' dir='ltr'>eredcrrdumt’</span> <span class='ocrx_word' id='word_1_239' title='bbox 626 2459 654 2505; x_wconf 85' lang='lat' dir='ltr'>et</span> <span class='ocrx_word' id='word_1_240' title='bbox 674 2469 726 2520; x_wconf 79' lang='lat' dir='ltr'>pre</span> <span class='ocrx_word' id='word_1_241' title='bbox 779 2450 850 2517; x_wconf 87' lang='lat' dir='ltr'>dius,</span> <span class='ocrx_word' id='word_1_242' title='bbox 872 2450 934 2504; x_wconf 88' lang='lat' dir='ltr'>biilo</span> <span class='ocrx_word' id='word_1_243' title='bbox 952 2451 1013 2505; x_wconf 88' lang='lat' dir='ltr'>eilte</span> <span class='ocrx_word' id='word_1_244' title='bbox 1031 2452 1119 2504; x_wconf 88' lang='lat' dir='ltr'>berbei</span> <span class='ocrx_word' id='word_1_245' title='bbox 1135 2453 1188 2505; x_wconf 87' lang='lat' dir='ltr'>und</span> <span class='ocrx_word' id='word_1_246' title='bbox 1205 2457 1287 2506; x_wconf 79' lang='lat' dir='ltr'>tbtete</span> 
     </span>
     <span class='ocr_line' id='line_1_29' title="bbox 133 2518 1287 2588; baseline 0 -14"><span class='ocrx_word' id='word_1_247' title='bbox 133 2542 137 2548; x_wconf 92' lang='lat'>·</span> <span class='ocrx_word' id='word_1_248' title='bbox 216 2525 326 2574; x_wconf 77' lang='lat' dir='ltr'>torttbm</span> <span class='ocrx_word' id='word_1_249' title='bbox 342 2526 369 2573; x_wconf 85' lang='lat' dir='ltr'>et</span> <span class='ocrx_word' id='word_1_250' title='bbox 384 2526 415 2574; x_wconf 80' lang='lat' dir='ltr'>in</span> <span class='ocrx_word' id='word_1_251' title='bbox 432 2526 518 2574; x_wconf 70' lang='lat' dir='ltr'>testes.</span> <span class='ocrx_word' id='word_1_252' title='bbox 776 2519 829 2572; x_wconf 88' lang='lat' dir='ltr'>ibn.</span> <span class='ocrx_word' id='word_1_253' title='bbox 857 2518 894 2571; x_wconf 85' lang='lat' dir='ltr'>ba</span> <span class='ocrx_word' id='word_1_254' title='bbox 907 2519 1135 2587; x_wconf 70' lang='lat' dir='ltr'>erintolgedessen</span> <span class='ocrx_word' id='word_1_255' title='bbox 1149 2521 1287 2588; x_wconf 73' lang='lat' dir='ltr'>engeldegt</span> 
     </span>
     <span class='ocr_line' id='line_1_30' title="bbox 248 2587 1287 2656; baseline 0.003 -15"><span class='ocrx_word' id='word_1_256' title='bbox 248 2594 279 2642; x_wconf 80' lang='lat' dir='ltr'>in</span> <span class='ocrx_word' id='word_1_257' title='bbox 295 2590 588 2654; x_wconf 73' lang='lat' dir='ltr'>cultor-recedentia,</span> <span class='ocrx_word' id='word_1_258' title='bbox 606 2589 647 2642; x_wconf 85' lang='lat' dir='ltr'>die</span> <span class='ocrx_word' id='word_1_259' title='bbox 665 2589 725 2641; x_wconf 87' lang='lat' dir='ltr'>kein</span> <span class='ocrx_word' id='word_1_260' title='bbox 778 2587 879 2652; x_wconf 79' lang='lat' dir='ltr'>wurde,</span> <span class='ocrx_word' id='word_1_261' title='bbox 902 2603 932 2640; x_wconf 91' lang='lat' dir='ltr'>so</span> <span class='ocrx_word' id='word_1_262' title='bbox 955 2589 1106 2656; x_wconf 74' lang='lat' dir='ltr'>verteidigte</span> <span class='ocrx_word' id='word_1_263' title='bbox 1126 2589 1173 2640; x_wconf 86' lang='lat' dir='ltr'>ibn</span> <span class='ocrx_word' id='word_1_264' title='bbox 1199 2589 1287 2644; x_wconf 82' lang='lat' dir='ltr'>Cicero</span> 
     </span>
     <span class='ocr_line' id='line_1_31' title="bbox 215 2655 1192 2712; baseline 0 -2"><span class='ocrx_word' id='word_1_265' title='bbox 215 2658 349 2711; x_wconf 75' lang='lat' dir='ltr'>Abienben</span> <span class='ocrx_word' id='word_1_266' title='bbox 367 2659 492 2712; x_wconf 84' lang='lat' dir='ltr'>zulassco.</span> <span class='ocrx_word' id='word_1_267' title='bbox 776 2657 802 2708; x_wconf 91' lang='lat' dir='ltr'>in</span> <span class='ocrx_word' id='word_1_268' title='bbox 821 2655 867 2709; x_wconf 86' lang='lat' dir='ltr'>der</span> <span class='ocrx_word' id='word_1_269' title='bbox 883 2673 931 2709; x_wconf 90' lang='lat' dir='ltr'>uns</span> <span class='ocrx_word' id='word_1_270' title='bbox 950 2657 1096 2710; x_wconf 81' lang='lat' dir='ltr'>erhaltencn</span> <span class='ocrx_word' id='word_1_271' title='bbox 1115 2656 1192 2710; x_wconf 72' lang='lat' dir='ltr'>Rode.</span> 
     </span>
     <span class='ocr_line' id='line_1_32' title="bbox 247 2724 1286 2793; baseline 0 -15"><span class='ocrx_word' id='word_1_272' title='bbox 247 2725 726 2793; x_wconf 77' lang='lat' dir='ltr'>irremote-paratus,dieselbeiion-</span> <span class='ocrx_word' id='word_1_273' title='bbox 812 2724 1073 2778; x_wconf 75' lang='lat' dir='ltr'>Coto-Hortensio.</span> <span class='ocrx_word' id='word_1_274' title='bbox 1096 2725 1286 2778; x_wconf 86' lang='lat' dir='ltr'>Derberdlunte</span> 
     </span>
     <span class='ocr_line' id='line_1_33' title="bbox 215 2791 1286 2853; baseline -0.002 -5"><span class='ocrx_word' id='word_1_275' title='bbox 215 2795 343 2848; x_wconf 81' lang='lat' dir='ltr'>struktion</span> <span class='ocrx_word' id='word_1_276' title='bbox 361 2794 422 2846; x_wconf 83' lang='grc' dir='ltr'><strong>Ταθ.</strong></span> <span class='ocrx_word' id='word_1_277' title='bbox 439 2794 503 2846; x_wconf 83' lang='lat' dir='ltr'>Dial.</span> <span class='ocrx_word' id='word_1_278' title='bbox 521 2796 562 2848; x_wconf 81' lang='grc'>41.</span> <span class='ocrx_word' id='word_1_279' title='bbox 776 2791 877 2845; x_wconf 85' lang='lat' dir='ltr'>Redner</span> <span class='ocrx_word' id='word_1_280' title='bbox 888 2792 918 2853; x_wconf 78' lang='lat' dir='ltr'>Q.</span> <span class='ocrx_word' id='word_1_281' title='bbox 930 2793 1080 2846; x_wconf 81' lang='lat' dir='ltr'>Hortensius</span> <span class='ocrx_word' id='word_1_282' title='bbox 1098 2793 1169 2846; x_wconf 86' lang='lat' dir='ltr'>hatte</span> <span class='ocrx_word' id='word_1_283' title='bbox 1187 2794 1245 2846; x_wconf 85' lang='lat' dir='ltr'>eine</span> <span class='ocrx_word' id='word_1_284' title='bbox 1256 2809 1286 2846; x_wconf 91' lang='lat' dir='ltr'>so</span> 
     </span>
     <span class='ocr_line' id='line_1_34' title="bbox 251 2860 1287 2928; baseline 0 -12"><span class='ocrx_word' id='word_1_285' title='bbox 251 2866 290 2916; x_wconf 81' lang='lat' dir='ltr'>ta.</span> <span class='ocrx_word' id='word_1_286' title='bbox 309 2879 397 2915; x_wconf 76' lang='lat' dir='ltr'>omnes</span> <span class='ocrx_word' id='word_1_287' title='bbox 407 2891 438 2902; x_wconf 88' lang='lat'>--</span> <span class='ocrx_word' id='word_1_288' title='bbox 449 2865 580 2913; x_wconf 74' lang='lat' dir='ltr'>constant.</span> <span class='ocrx_word' id='word_1_289' title='bbox 615 2860 673 2928; x_wconf 73' lang='lat' dir='ltr'><strong>Vgl.</strong></span> <span class='ocrx_word' id='word_1_290' title='bbox 686 2861 724 2926; x_wconf 80' lang='lat'>111,</span> <span class='ocrx_word' id='word_1_291' title='bbox 776 2860 1001 2913; x_wconf 81' lang='lat' dir='ltr'>scbwirnrerisebe</span> <span class='ocrx_word' id='word_1_292' title='bbox 1014 2861 1163 2927; x_wconf 75' lang='lat' dir='ltr'>Zuneigung</span> <span class='ocrx_word' id='word_1_293' title='bbox 1180 2878 1211 2914; x_wconf 82' lang='lat' dir='ltr'>nu</span> <span class='ocrx_word' id='word_1_294' title='bbox 1224 2862 1287 2916; x_wconf 83' lang='lat' dir='ltr'>Cato</span> 
     </span>
     <span class='ocr_line' id='line_1_35' title="bbox 215 2926 1285 2996; baseline -0.001 -13"><span class='ocrx_word' id='word_1_295' title='bbox 215 2935 239 2996; x_wconf 80' lang='grc'>5,</span> <span class='ocrx_word' id='word_1_296' title='bbox 258 2933 286 2984; x_wconf 82' lang='lat'>9:</span> <span class='ocrx_word' id='word_1_297' title='bbox 310 2933 366 2981; x_wconf 78' lang='lat' dir='ltr'>Hae</span> <span class='ocrx_word' id='word_1_298' title='bbox 387 2935 487 2992; x_wconf 68' lang='lat' dir='ltr'>omem,</span> <span class='ocrx_word' id='word_1_299' title='bbox 511 2945 579 2996; x_wconf 79' lang='lat' dir='ltr'>quas</span> <span class='ocrx_word' id='word_1_300' title='bbox 600 2929 724 2992; x_wconf 72' lang='lat' dir='ltr'>infinitus</span> <span class='ocrx_word' id='word_1_301' title='bbox 777 2926 919 2993; x_wconf 85' lang='lat' dir='ltr'>Uticensis,</span> <span class='ocrx_word' id='word_1_302' title='bbox 938 2929 994 2981; x_wconf 77' lang='lat' dir='ltr'>dass</span> <span class='ocrx_word' id='word_1_303' title='bbox 1011 2944 1039 2981; x_wconf 87' lang='lat' dir='ltr'>er</span> <span class='ocrx_word' id='word_1_304' title='bbox 1055 2928 1144 2982; x_wconf 84' lang='lat' dir='ltr'>diesen</span> <span class='ocrx_word' id='word_1_305' title='bbox 1163 2930 1215 2996; x_wconf 81' lang='lat' dir='ltr'>bet,</span> <span class='ocrx_word' id='word_1_306' title='bbox 1232 2930 1285 2982; x_wconf 84' lang='lat' dir='ltr'>ihm</span> 
     </span>
     <span class='ocr_line' id='line_1_36' title="bbox 213 2996 1285 3064; baseline 0.001 -15"><span class='ocrx_word' id='word_1_307' title='bbox 213 3013 293 3064; x_wconf 81' lang='lat' dir='ltr'>noce,</span> <span class='ocrx_word' id='word_1_308' title='bbox 324 3003 351 3050; x_wconf 81' lang='lat' dir='ltr'>ct</span> <span class='ocrx_word' id='word_1_309' title='bbox 375 2999 515 3064; x_wconf 76' lang='lat' dir='ltr'>generatae</span> <span class='ocrx_word' id='word_1_310' title='bbox 541 2998 727 3064; x_wconf 70' lang='lat' dir='ltr'>appellantem</span> <span class='ocrx_word' id='word_1_311' title='bbox 776 2997 849 3048; x_wconf 83' lang='lat' dir='ltr'>scine</span> <span class='ocrx_word' id='word_1_312' title='bbox 865 2996 999 3049; x_wconf 80' lang='lat' dir='ltr'>Gemahlin</span> <span class='ocrx_word' id='word_1_313' title='bbox 1015 2996 1109 3049; x_wconf 82' lang='lat' dir='ltr'>biarcio</span> <span class='ocrx_word' id='word_1_314' title='bbox 1128 2998 1285 3062; x_wconf 69' lang='lat' dir='ltr'>obautretcm</span> 
     </span>
     <span class='ocr_line' id='line_1_37' title="bbox 214 3065 1286 3134; baseline 0.001 -17"><span class='ocrx_word' id='word_1_315' title='bbox 214 3067 288 3134; x_wconf 77' lang='lat' dir='ltr'>qued</span> <span class='ocrx_word' id='word_1_316' title='bbox 303 3070 327 3117; x_wconf 82' lang='lat' dir='ltr'>ri</span> <span class='ocrx_word' id='word_1_317' title='bbox 345 3070 385 3117; x_wconf 79' lang='lat' dir='ltr'>cst</span> <span class='ocrx_word' id='word_1_318' title='bbox 400 3079 500 3131; x_wconf 79' lang='lat' dir='ltr'>verrem,</span> <span class='ocrx_word' id='word_1_319' title='bbox 517 3065 610 3128; x_wconf 77' lang='lat' dir='ltr'>finttm</span> <span class='ocrx_word' id='word_1_320' title='bbox 623 3068 725 3132; x_wconf 78' lang='lat' dir='ltr'>epecta-</span> <span class='ocrx_word' id='word_1_321' title='bbox 777 3065 859 3117; x_wconf 86' lang='lat' dir='ltr'>worin</span> <span class='ocrx_word' id='word_1_322' title='bbox 872 3065 935 3117; x_wconf 83' lang='lat' dir='ltr'>Cato</span> <span class='ocrx_word' id='word_1_323' title='bbox 954 3065 1019 3117; x_wconf 82' lang='lat' dir='ltr'>anch</span> <span class='ocrx_word' id='word_1_324' title='bbox 1031 3066 1095 3118; x_wconf 85' lang='lat' dir='ltr'>nnob</span> <span class='ocrx_word' id='word_1_325' title='bbox 1105 3065 1286 3132; x_wconf 81' lang='lat' dir='ltr'>Rdcksprache</span> 
     </span>
     <span class='ocr_line' id='line_1_38' title="bbox 214 3131 1285 3200; baseline 0.001 -15"><span class='ocrx_word' id='word_1_326' title='bbox 214 3135 251 3185; x_wconf 80' lang='lat' dir='ltr'>tec</span> <span class='ocrx_word' id='word_1_327' title='bbox 269 3139 355 3186; x_wconf 78' lang='lat' dir='ltr'>ament.</span> <span class='ocrx_word' id='word_1_328' title='bbox 373 3135 405 3186; x_wconf 83' lang='lat' dir='ltr'>Iu</span> <span class='ocrx_word' id='word_1_329' title='bbox 423 3137 496 3186; x_wconf 83' lang='lat' dir='ltr'>omni</span> <span class='ocrx_word' id='word_1_330' title='bbox 513 3138 603 3186; x_wconf 82' lang='lat' dir='ltr'>autem</span> <span class='ocrx_word' id='word_1_331' title='bbox 615 3134 726 3200; x_wconf 78' lang='lat' dir='ltr'>speciali</span> <span class='ocrx_word' id='word_1_332' title='bbox 777 3131 1285 3200; x_wconf 72' lang='lat' dir='ltr'>mitseinemSchwiegcrvaterwiiligte.</span> 
     </span>
     <span class='ocr_line' id='line_1_39' title="bbox 212 3198 1286 3281; baseline -0.002 -26"><span class='ocrx_word' id='word_1_333' title='bbox 212 3205 307 3270; x_wconf 74' lang='lat' dir='ltr'>utique</span> <span class='ocrx_word' id='word_1_334' title='bbox 321 3207 391 3254; x_wconf 77' lang='lat' dir='ltr'>inest</span> <span class='ocrx_word' id='word_1_335' title='bbox 405 3203 550 3269; x_wconf 74' lang='lat' dir='ltr'>generetis,</span> <span class='ocrx_word' id='word_1_336' title='bbox 567 3206 599 3253; x_wconf 83' lang='lat' dir='ltr'>ut</span> <span class='ocrx_word' id='word_1_337' title='bbox 610 3217 679 3268; x_wconf 75' lang='lat' dir='ltr'>quae</span> <span class='ocrx_word' id='word_1_338' title='bbox 689 3204 726 3252; x_wconf 79' lang='lat' dir='ltr'>eit</span> <span class='ocrx_word' id='word_1_339' title='bbox 776 3198 871 3253; x_wconf 83' lang='lat' dir='ltr'>biarcio</span> <span class='ocrx_word' id='word_1_340' title='bbox 885 3201 956 3281; x_wconf 73' lang='lat' dir='ltr'>iebte</span> <span class='ocrx_word' id='word_1_341' title='bbox 968 3215 1020 3252; x_wconf 90' lang='lat' dir='ltr'>von</span> <span class='ocrx_word' id='word_1_342' title='bbox 1033 3204 1133 3256; x_wconf 80' lang='lat' dir='ltr'>oo-so</span> <span class='ocrx_word' id='word_1_343' title='bbox 1143 3218 1168 3253; x_wconf 89' lang='lat' dir='ltr'>v.</span> <span class='ocrx_word' id='word_1_344' title='bbox 1178 3201 1233 3253; x_wconf 80' lang='lat' dir='ltr'>Gbr.</span> <span class='ocrx_word' id='word_1_345' title='bbox 1245 3202 1286 3254; x_wconf 86' lang='lat' dir='ltr'>bei</span> 
     </span>
     <span class='ocr_line' id='line_1_40' title="bbox 213 3267 1286 3392; baseline 0.001 -1"><span class='ocrx_word' id='word_1_346' title='bbox 213 3288 395 3391; x_wconf 49' lang='lat' dir='ltr'>prldedrneltus.</span> <span class='ocrx_word' id='word_1_347' title='bbox 434 3338 461 3392; x_wconf 83' lang='lat' dir='ltr'>G.</span> <span class='ocrx_word' id='word_1_348' title='bbox 486 3337 618 3389; x_wconf 75' lang='lat' dir='ltr'>Cornelius</span> <span class='ocrx_word' id='word_1_349' title='bbox 638 3336 725 3389; x_wconf 81' lang='lat' dir='ltr'>stellte</span> <span class='ocrx_word' id='word_1_350' title='bbox 776 3267 1286 3392; x_wconf 40' lang='lat' dir='ltr'>ssbssbbudabliidarisebbbetistbhnbibbbi</span> 
     </span>
     <span class='ocr_line' id='line_1_41' title="bbox 214 3404 1285 3472; baseline -0.001 -12"><span class='ocrx_word' id='word_1_351' title='bbox 214 3409 249 3460; x_wconf 79' lang='lat' dir='ltr'>ins</span> <span class='ocrx_word' id='word_1_352' title='bbox 266 3407 289 3460; x_wconf 88' lang='lat' dir='ltr'>J.</span> <span class='ocrx_word' id='word_1_353' title='bbox 308 3411 338 3460; x_wconf 85' lang='grc'>67</span> <span class='ocrx_word' id='word_1_354' title='bbox 358 3424 382 3459; x_wconf 87' lang='lat' dir='ltr'>v.</span> <span class='ocrx_word' id='word_1_355' title='bbox 402 3404 650 3471; x_wconf 58' lang='lat' dir='ltr'>cherlentonae,</span> <span class='ocrx_word' id='word_1_356' title='bbox 669 3404 724 3458; x_wconf 82' lang='lat' dir='ltr'>deis</span> <span class='ocrx_word' id='word_1_357' title='bbox 813 3409 853 3458; x_wconf 78' lang='lat' dir='ltr'>tt.</span> <span class='ocrx_word' id='word_1_358' title='bbox 875 3405 1152 3472; x_wconf 63' lang='lat' dir='ltr'>dmtametioncmgl.</span> <span class='ocrx_word' id='word_1_359' title='bbox 1164 3406 1227 3471; x_wconf 84' lang='lat'><strong>11‚4‚</strong></span> <span class='ocrx_word' id='word_1_360' title='bbox 1239 3409 1285 3459; x_wconf 79' lang='lat'>41:</span> 
     </span>
     <span class='ocr_line' id='line_1_42' title="bbox 214 3471 1286 3537; baseline -0.003 -10"><span class='ocrx_word' id='word_1_361' title='bbox 214 3489 273 3528; x_wconf 82' lang='lat' dir='ltr'>rnen</span> <span class='ocrx_word' id='word_1_362' title='bbox 296 3491 343 3527; x_wconf 86' lang='lat' dir='ltr'>nur</span> <span class='ocrx_word' id='word_1_363' title='bbox 364 3474 443 3527; x_wconf 84' lang='lat' dir='ltr'>durch</span> <span class='ocrx_word' id='word_1_364' title='bbox 462 3474 508 3526; x_wconf 81' lang='lat' dir='ltr'>das</span> <span class='ocrx_word' id='word_1_365' title='bbox 525 3471 593 3525; x_wconf 85' lang='lat' dir='ltr'>Voik</span> <span class='ocrx_word' id='word_1_366' title='bbox 610 3488 662 3525; x_wconf 87' lang='lat' dir='ltr'>von</span> <span class='ocrx_word' id='word_1_367' title='bbox 679 3473 725 3526; x_wconf 87' lang='lat' dir='ltr'>der</span> <span class='ocrx_word' id='word_1_368' title='bbox 776 3474 854 3537; x_wconf 76' lang='lat' dir='ltr'>fictos</span> <span class='ocrx_word' id='word_1_369' title='bbox 878 3475 915 3526; x_wconf 87' lang='lat' dir='ltr'>ad</span> <span class='ocrx_word' id='word_1_370' title='bbox 930 3476 1108 3526; x_wconf 75' lang='lat' dir='ltr'>imitationem</span> <span class='ocrx_word' id='word_1_371' title='bbox 1125 3473 1184 3535; x_wconf 80' lang='lat' dir='ltr'>sert</span> <span class='ocrx_word' id='word_1_372' title='bbox 1200 3478 1286 3526; x_wconf 78' lang='lat' dir='ltr'>comt·</span> 
     </span>
     <span class='ocr_line' id='line_1_43' title="bbox 212 3540 1287 3610; baseline -0.003 -14"><span class='ocrx_word' id='word_1_373' title='bbox 212 3543 399 3610; x_wconf 75' lang='lat' dir='ltr'>Beebacbtcng</span> <span class='ocrx_word' id='word_1_374' title='bbox 424 3542 495 3595; x_wconf 87' lang='lat' dir='ltr'>eines</span> <span class='ocrx_word' id='word_1_375' title='bbox 521 3540 642 3594; x_wconf 80' lang='lat' dir='ltr'>Gesctaes</span> <span class='ocrx_word' id='word_1_376' title='bbox 669 3547 724 3595; x_wconf 86' lang='lat' dir='ltr'>ent·</span> <span class='ocrx_word' id='word_1_377' title='bbox 775 3543 925 3608; x_wconf 68' lang='lat' dir='ltr'>Horamque</span> <span class='ocrx_word' id='word_1_378' title='bbox 940 3544 1069 3594; x_wconf 75' lang='lat' dir='ltr'>meter-toa</span> <span class='ocrx_word' id='word_1_379' title='bbox 1085 3543 1160 3608; x_wconf 79' lang='lat' dir='ltr'>epod</span> <span class='ocrx_word' id='word_1_380' title='bbox 1172 3542 1287 3594; x_wconf 75' lang='lat' dir='ltr'>Graecos</span> 
     </span>
     <span class='ocr_line' id='line_1_44' title="bbox 214 3609 1285 3692; baseline -0.001 -30"><span class='ocrx_word' id='word_1_381' title='bbox 214 3611 316 3664; x_wconf 81' lang='lat' dir='ltr'>bonden</span> <span class='ocrx_word' id='word_1_382' title='bbox 334 3611 437 3664; x_wconf 82' lang='lat' dir='ltr'>werden</span> <span class='ocrx_word' id='word_1_383' title='bbox 453 3609 534 3662; x_wconf 79' lang='lat' dir='ltr'>dbrie.</span> <span class='ocrx_word' id='word_1_384' title='bbox 561 3609 607 3662; x_wconf 83' lang='lat' dir='ltr'>Dic</span> <span class='ocrx_word' id='word_1_385' title='bbox 620 3609 723 3692; x_wconf 65' lang='lat' dir='ltr'>§erate</span> <span class='ocrx_word' id='word_1_386' title='bbox 775 3610 863 3661; x_wconf 77' lang='lat' dir='ltr'>dtccre</span> <span class='ocrx_word' id='word_1_387' title='bbox 882 3613 958 3661; x_wconf 77' lang='lat' dir='ltr'>circa</span> <span class='ocrx_word' id='word_1_388' title='bbox 975 3611 1140 3661; x_wconf 81' lang='lat' dir='ltr'>Demetrium</span> <span class='ocrx_word' id='word_1_389' title='bbox 1156 3612 1285 3663; x_wconf 81' lang='lat' dir='ltr'>Pbolmc</span> 
     </span>
     <span class='ocr_line' id='line_1_45' title="bbox 214 3677 1286 3812; baseline -0.001 -14"><span class='ocrx_word' id='word_1_390' title='bbox 214 3678 503 3810; x_wconf 46' lang='lat' dir='ltr'>bbbtdiirisewdalbbuibi}</span> <span class='ocrx_word' id='word_1_391' title='bbox 520 3677 725 3804; x_wconf 47' lang='lat' dir='ltr'>bibbfflbuiioli:</span> <span class='ocrx_word' id='word_1_392' title='bbox 774 3677 1218 3812; x_wconf 39' lang='lat' dir='ltr'>2n‘irtel-toutibbtinrrasoriissw&#39;btb‘s&#39;ttr&#39;aoturn</span> <span class='ocrx_word' id='word_1_393' title='bbox 1244 3744 1286 3797; x_wconf 80' lang='lat' dir='ltr'>idn</span> 
     </span>
     <span class='ocr_line' id='line_1_46' title="bbox 214 3813 998 3880; baseline 0.003 -16"><span class='ocrx_word' id='word_1_394' title='bbox 214 3814 306 3880; x_wconf 77' lang='lat' dir='ltr'>lesung</span> <span class='ocrx_word' id='word_1_395' title='bbox 329 3814 374 3865; x_wconf 90' lang='lat' dir='ltr'>der</span> <span class='ocrx_word' id='word_1_396' title='bbox 397 3813 539 3880; x_wconf 78' lang='lat' dir='ltr'>Rogaticn,</span> <span class='ocrx_word' id='word_1_397' title='bbox 561 3813 604 3867; x_wconf 82' lang='lat' dir='ltr'>die</span> <span class='ocrx_word' id='word_1_398' title='bbox 624 3815 650 3866; x_wconf 87' lang='lat' dir='ltr'>in</span> <span class='ocrx_word' id='word_1_399' title='bbox 668 3814 725 3867; x_wconf 87' lang='lat' dir='ltr'>her·</span> <span class='ocrx_word' id='word_1_400' title='bbox 775 3813 821 3866; x_wconf 81' lang='lat' dir='ltr'>dns</span> <span class='ocrx_word' id='word_1_401' title='bbox 839 3813 998 3866; x_wconf 77' lang='lat' dir='ltr'>concretum.</span> 
     </span>
     <span class='ocr_line' id='line_1_47' title="bbox 214 3881 1401 3946; baseline 0.001 -13"><span class='ocrx_word' id='word_1_402' title='bbox 214 3881 473 3934; x_wconf 80' lang='lat' dir='ltr'>kommlicberweise</span> <span class='ocrx_word' id='word_1_403' title='bbox 482 3881 562 3935; x_wconf 84' lang='lat' dir='ltr'>durch</span> <span class='ocrx_word' id='word_1_404' title='bbox 571 3881 620 3934; x_wconf 86' lang='lat' dir='ltr'>den</span> <span class='ocrx_word' id='word_1_405' title='bbox 630 3881 723 3935; x_wconf 81' lang='lat' dir='ltr'>Herold</span> <span class='ocrx_word' id='word_1_406' title='bbox 810 3882 1194 3946; x_wconf 75' lang='lat' dir='ltr'>commentaturus-ctam,</span> <span class='ocrx_word' id='word_1_407' title='bbox 1207 3881 1286 3934; x_wconf 85' lang='lat' dir='ltr'>leicbt</span> <span class='ocrx_word' id='word_1_408' title='bbox 1395 3913 1401 3926; x_wconf 89' lang='lat'><strong>·</strong></span> 
     </span>
    </p>
   </div>
   <div class='ocr_carea' id='block_1_5' title="bbox 0 0 1464 4564">
    <p class='ocr_par' dir='ltr' id='par_1_5' title="bbox 0 0 1464 4564">
     <span class='ocr_line' id='line_1_48' title="bbox 0 0 1464 4564; baseline 0 0"><span class='ocrx_word' id='word_1_409' title='bbox 0 0 1464 4564; x_wconf 95' lang='lat' dir='ltr'> </span> 
     </span>
    </p>
   </div>
  </div>
 </body>
</html>
