2918 4564
542 212 649 265 curun
666 214 685 266 1.
705 216 719 279 e
738 215 814 267 2—5.
1171 209 1210 283 17

142 408 201 468 que
216 389 252 448 ed
267 386 365 448 omnis
380 405 464 448 cesus
478 387 616 448 hahuerit
629 385 838 464 eloquentiam,
854 385 933 446 velut
947 385 1053 447 eleusis
1067 383 1213 449 thesduris

143 472 307 535 incubabit.
344 471 409 532 Non
432 479 531 532 autem
553 481 585 532 ut
600 471 742 550 quidquid
757 469 916 550 praecipue
939 471 1138 532 neceesarium
1161 479 1249 546 cete

144 559 186 620 sic
202 557 239 619 ad
250 556 437 617 efficiendum
449 566 596 616 oratorem
609 555 726 616 maximi
740 555 879 634 protinus
893 554 950 614 erit
960 555 1112 616 momenti.
1141 555 1215 616 Nnrn

144 651 235 715 certe,
250 660 318 702 cum
329 640 366 702 sit
377 641 407 701 in
420 641 588 718 eloquendo
600 641 728 719 positum
743 639 869 700 oratoris
879 639 1018 713 officium,
1034 639 1133 700 dicere
1147 649 1216 702 ante

146 727 246 788 omnid
261 735 320 798 est,
343 733 431 804 utque
454 725 524 786 hinc
539 725 655 787 initium
671 726 735 786 eius
748 723 819 784 ortis
833 723 924 784 luisse
947 724 1134 785 manifestum
1156 733 1216 800 eet3

146 811 312 892 proximum
328 810 435 871 deinde
446 809 570 870 imitatio
582 818 634 884 est,
651 809 842 870 novissimum
853 809 1002 870 scribendi
1018 827 1137 887 quoque
1151 809 1217 869 dili·

147 895 253 974 gentio.
281 895 339 955 Sed
355 904 387 955 ut
402 895 551 974 perveniri
566 894 601 954 ad
616 913 730 956 summo
744 893 801 955 nisi
816 912 852 953 ex
867 893 1021 973 principiis
1037 912 1097 954 nou
1110 902 1218 973 potest,
1242 905 1254 952 t

147 981 185 1041 ita
200 979 381 1059 procedente
397 999 487 1058 opere
503 979 559 1039 iam
575 979 695 1040 minima
709 979 857 1058 incipiunt
870 997 935 1040 esse
947 996 1020 1056 quae
1033 978 1125 1056 prime
1138 988 1217 1040 eunt.

148 1065 257 1125 Verum
273 1084 328 1125 nos
344 1083 414 1136 non,
430 1066 579 1142 quomodo
594 1064 632 1125 sit
646 1063 846 1126 instituendus
861 1072 977 1136 oretur,
993 1063 1130 1124 hocloco
1146 1063 1218 1124 dici-

148 1168 228 1224 mus;
243 1167 313 1210 nem
327 1149 355 1209 id
373 1149 492 1227 quidem
507 1159 558 1210 aut
571 1149 642 1211 satis
656 1157 707 1210 ant
722 1156 802 1208 certe
818 1148 860 1208 uti
871 1148 1022 1228 potuimus
1033 1147 1145 1208 dictum
1157 1158 1218 1224 est3

148 1235 201 1296 sed
216 1235 338 1306 athleta,
355 1234 406 1312 qui
429 1252 533 1296 omnes
548 1234 606 1296 iarn
625 1233 815 1313 perdidicerit
830 1252 847 1292 a
861 1242 1053 1312 praeceptore
1069 1250 1219 1306 numeros,

148 1338 209 1397 quo
224 1337 334 1398 genere
349 1319 567 1380 exercitationis
581 1319 618 1378 ad
636 1318 795 1379 certamina
811 1319 1032 1396 praeparandus
1046 1317 1093 1378 sit.
1130 1316 1222 1396 Igitur

151 1423 235 1475 eum,
259 1404 310 1482 qui
332 1422 380 1464 res
395 1403 529 1464 invenire
551 1413 581 1464 et
595 1402 753 1482 disponere
769 1402 857 1474 sciet,
880 1403 970 1463 verbe
989 1418 1108 1481 quoque
1123 1411 1153 1462 et
1167 1401 1220 1462 eli-

149 1488 240 1567 gendi
256 1498 285 1548 et
297 1489 471 1548 conlocandi
483 1488 627 1548 rationem
641 1487 817 1566 perceperit,
833 1487 1022 1560 instruemus,
1038 1505 1096 1564 qua
1108 1487 1223 1546 ratione

152 1573 233 1650 qnod
247 1572 381 1632 didicerit
395 1573 492 1634 lacere
508 1591 595 1650 quarn
611 1571 730 1650 optime,
747 1589 834 1649 quarn
851 1571 987 1632 facillime
1003 1571 1104 1650 possit.

238 1657 304 1716 Non
320 1674 390 1733 ergo
406 1656 528 1722 dubium
544 1665 602 1731 est,
626 1656 697 1735 quin
709 1655 741 1717 ‘ei
756 1656 835 1716 velut
851 1675 922 1735 opes
937 1656 997 1717 sint
1012 1656 1153 1733 quaedam
1172 1675 1223 1735 pa·
1246 1667 1261 1716 5

153 1742 271 1813 rendae,
288 1741 395 1818 quihus
406 1741 459 1812 uti,
473 1741 652 1820 ubicumque
663 1741 858 1802 desideratum
871 1742 936 1814 erit,
952 1741 1054 1820 possit.
1081 1740 1140 1800 Eee
1151 1759 1225 1800 con·

189 1909 213 1960 3.
238 1907 383 1972 quidquid,
406 1909 470 1960 dher
488 1909 529 1960 die
549 1907 666 1960 Schreib·
719 1911 824 1958 evertete
842 1905 962 1971 dirigens
982 1922 1072 1972 wegen
1088 1909 1228 1972 potuimus

157 1975 235 2026 weise
254 1981 312 2039 segc
323 1973 409 2034 Quint.
423 1975 441 2040 l,
452 1981 500 2039 1,6
517 1975 666 2040 frigidiora
718 1975 763 2026 das
781 1975 907 2024 Antinum.

47 2103 51 2117 ι
157 2045 199 2093 iris
216 2043 285 2104 alin,
310 2049 340 2093 ut
364 2045 525 2110 quidquido
543 2046 667 2108 quartam
751 2039 798 2091 sed
813 2041 923 2099 athleta.
953 2040 1037 2100 Quint.
1057 2041 1117 2106 geht
1132 2041 1229 2094 cilun-

155 2113 272 2172 doleret,
287 2127 320 2160 nc
332 2115 503 2176 interrogare
515 2113 555 2161 lia
566 2110 668 2160 cidere·
718 2109 848 2224 milltelbar
875 2109 901 2158 in
928 2109 973 2159 das
998 2107 1127 2160 Gleichnis
1153 2110 1228 2169 dher:

156 2195 226 2230 mur.
719 2193 735 2228 v
765 2179 867 2238 .§33.
885 2180 910 2240 l,
930 2179 951 2228 1.

190 2250 315 2314 protinus
330 2239 438 2309 ‘solort',
457 2245 498 2298 bei
513 2245 600 2305 Quint.
619 2244 670 2296 und
715 2247 716 2254 ’
738 2191 889 2308 gnumeros,
916 2243 957 2296 die
984 2245 1160 2310 regelreclrten
1183 2244 1232 2298 Be·

157 2314 206 2365 den
221 2313 343 2380 Spdteren
357 2315 507 2380 uberhaupt,
519 2314 573 2364 hier
586 2313 611 2364 in
624 2312 669 2364 der
720 2327 864 2378 wegungen
877 2313 943 2363 beirn
958 2311 1063 2378 flingen,
1081 2313 1123 2364 die
1135 2312 1231 2379 (linge,

159 2381 346 2445 Scldulslolge;
366 2381 416 2446 vgl.
435 2382 449 2446 ξ
468 2385 509 2433 42.
529 2384 552 2445 3,
571 2383 609 2434 18.
628 2383 668 2432 22.
720 2379 1233 2446 151.1111,2,12ρα1ασε1νίοἰάοοιονω

194 2448 340 2515 eloquendo
358 2449 409 2513 vgl.
428 2447 489 2513 vlit,
507 2447 623 2501 Procem.
639 2451 668 2500 15
720 2449 793 2510 illoc,
819 2464 884 2512 quoe
900 2463 1025 2498 numeros
1043 2453 1153 2510 occani,
1178 2465 1232 2499 nun

159 2519 249 2580 eloqui
260 2517 329 2565 carim
342 2521 380 2566 ccl
393 2519 491 2580 omnia,
506 2533 573 2582 quae
585 2520 672 2566 menie
712 2517 823 2568 'idcirco
835 2516 999 2565 discentibus
1013 2517 1133 2578 tradunt,
1152 2521 1182 2566 ut
1198 2519 1233 2566 iia

161 2587 327 2647 conceperis,
344 2599 465 2648 promere
482 2590 564 2649 atque
576 2585 612 2635 ad
623 2600 671 2634 au·
722 2585 843 2635 omnibns
855 2585 884 2648 ii,
902 2587 950 2646 qni
961 2583 1114 2646 didicerint,
1131 2586 1233 2648 inipso

160 2653 260 2702 dicretis
277 2649 414 2716 perferre,
436 2653 494 2701 sine
512 2667 563 2716 qno
580 2667 672 2716 cuper·
723 2651 846 2702 luclandi
862 2654 1007 2700 certamine
1023 2655 1152 2714 utantur,
1173 2651 1236 2700 tnn-

162 2733 248 2770 uacua
266 2721 331 2767 suni
345 2721 440 2783 priora
459 2723 485 2767 ei
500 2719 674 2783 cimiliagla-
724 2718 775 2774 licii
792 2717 819 2780 ll,
839 2720 863 2780 8,
884 2719 913 2770 13
930 2734 986 2768 non
1003 2745 1038 2755 -
1054 2734 1141 2768 nenne
1157 2719 1235 2769 modu

164 2788 209 2838 dia
232 2785 338 2836 condito
356 2792 437 2850 alque
454 2788 528 2836 inira
547 2788 673 2850 vaginam
698 2835 706 2842 ,,
724 2790 805 2850 atque
828 2787 910 2834 iniis
933 2790 1019 2836 certor
1041 2785 1145 2850 aliquos
1162 2786 1236 2836 doce·

163 2869 239 2905 suum
258 2855 384 2904 haerenti.
726 2856 773 2915 cn,
792 2852 842 2904 und
858 2852 901 2917 lli,
919 2856 971 2916 l,8
989 2851 1093 2913 arrisere
1110 2857 1197 2904 motus
1210 2857 1237 2904 ei

199 2925 328 2986 oraturis,
364 2921 434 2973 nicht
463 2921 601 2986 eigentlich
631 2919 675 2972 der
726 2923 794 2972 cerii
811 2921 920 2986 qacidam
934 2921 1023 2987 pedes.

166 2989 273 3052 Reddet,
292 2989 400 3042 sondern
414 2990 551 3055 dorienige,
564 2989 675 3040 welcner
760 2991 808 3053 qui
824 3017 858 3026 -
875 2991 948 3039 sciet.
982 2987 1041 3040 illan
1062 2988 1169 3042 beeclrte
1187 2989 1235 3040 den

166 3059 208 3110 ein
225 3056 326 3109 Redner
345 3057 447 3109 werden
466 3058 527 3108 will.
658 3105 659 3108 ,
727 3058 753 3108 in
766 3056 943 3108 Lehrbirclrern
957 3056 1102 3122 tiberheupt
1118 3056 1237 3108 dolichen

201 3129 263 3176 onte
280 3129 379 3189 omnia,
397 3125 438 3177 bei
450 3125 537 3186 Quint.
554 3125 634 3178 osten
652 3124 676 3175 in
729 3124 862 3176 Gebrnucli
874 3124 1062 3175 desFuturums
1073 3125 1098 3173 in
1113 3123 1238 3175 relativen

166 3193 212 3244 der
230 3192 401 3258 Aolzdlrlung,
420 3193 471 3260 rgl.
491 3197 515 3254 2,
534 3195 557 3245 l.
577 3195 600 3256 l,
619 3195 643 3244 6.
729 3192 952 3244 Zwisohensdtzen
971 3195 1035 3242 stntt
1050 3191 1096 3242 des
1107 3189 1240 3254 Konjunk-

202 3265 225 3311 i.
244 3266 338 3310 aut-
349 3267 405 3324 ant,
423 3262 449 3312 in
468 3261 512 3312 der
527 3260 678 3328 Bedeutung
731 3261 950 3324 tiv,vgl.§5.10.
962 3263 999 3310 ll.
1010 3261 1239 3312 retinetene.

168 3341 219 3378 von
236 3330 262 3376 si
278 3333 367 3378 minus
386 3332 466 3389 sotir,
490 3333 520 3379 at
542 3332 613 3379 certe
636 3330 679 3378 uti
763 3327 894 3392 eligendi,
917 3327 1008 3393 gehdrt
1024 3325 1176 3378 wesentlich
1195 3341 1240 3378 zur

168 3397 318 3460 potuimus,
342 3396 395 3460 vgl
413 3395 464 3458 llll,
485 3399 625 3460 11,21ot
647 3396 679 3445 de
730 3396 853 3456 elocutio,
870 3395 922 3460 vgl.
942 3398 957 3457 ,i
977 3397 1000 3447 6.

170 3463 282 3512 Homero
307 3467 423 3527 luceam,
450 3466 480 3512 in
503 3479 556 3528 quo
578 3463 680 3514 nudius
763 3461 996 3528 facem—poesin
1014 3462 1067 3526 vgl.
1084 3459 1136 3523 xli,
1155 3464 1195 3526 10,
1208 3465 1240 3514 11

169 3544 224 3579 non
241 3533 311 3580 artis
327 3534 468 3594 antepono
482 3529 613 3595 perfecta,
633 3533 683 3579 aui
732 3528 825 3594 Neque
844 3547 907 3581 uero
930 3531 1021 3580 omnia
1039 3532 1106 3591 ista,
1130 3529 1162 3578 de
1184 3533 1243 3594 qni·

170 3602 241 3648 certe
257 3613 312 3648 nun
323 3598 406 3648 dubia
418 3600 532 3662 uestigia
543 3599 682 3662 reperiun-
733 3599 780 3646 tus
798 3597 881 3647 locuti
896 3611 1001 3659 mmm,
1023 3597 1121 3659 cp=iime
1138 3600 1243 3648 tantum

170 3670 224 3716 tur.
637 3661 670 3672 ”
733 3664 780 3714 sed
797 3667 877 3714 eliam
894 3663 1024 3725 facillime
1040 3661 1134 3722 furiet.

209 3736 275 3782 salia
311 3733 412 3783 dictum
451 3737 503 3794 eci,
540 3732 590 3783 wie
623 3729 683 3796 vlll,
768 3735 793 3784 t.
811 3731 1078 3796 celui—quaedam,
1095 3728 1122 3782 in
1137 3730 1181 3783 der
1192 3733 1246 3786 rin·

173 3800 289 3852 Prooem.
302 3803 335 3854 24
354 3805 377 3865 5,
391 3803 406 3852 9
421 3799 470 3865 Vll,
483 3799 622 3852 Proocm.l
637 3799 685 3850 mit
736 3799 846 3864 ldlrrung
887 3799 957 3850 eines
983 3797 1164 3858 ,dleiclrnieses
1204 3801 1246 3854 bei

173 3869 231 3920 dem
248 3869 340 3921 Zusata
363 3875 394 3920 ut
411 3870 543 3930 aridam-3
567 3882 626 3919 nien
647 3881 686 3919 er·
736 3865 823 3927 Quint.
841 3867 899 3918 sehr
917 3865 1017 3932 initulis,
1043 3866 1082 3918 bei
1101 3865 1153 3919 Gic.
1173 3867 1247 3922 dnidr

225 3961 319 4010 Quintil.
327 3961 447 4005 Instent.
456 3960 539 4004 ninx.
552 3959 639 4004 Μαί.
923 3987 924 3992 =
1026 3955 1041 4004 2
