2918 4564
235 227 276 291 72
628 231 735 286 cerer
753 231 784 284 r.
802 233 817 297 s
836 235 911 286 4-e.

193 417 212 468 4
320 406 378 467 Sed
401 415 430 466 et
445 405 493 467 illa
514 425 549 466 ex
566 405 678 468 Latinis
701 407 856 467 conversio
874 391 998 467 mult'um
1015 415 1044 467 et
1059 406 1121 486 ipsa
1137 408 1307 470 contulerit.

235 493 278 553 Ac
294 493 330 553 de
346 489 528 552 carminibus
544 491 661 570 quidem
675 491 825 552 neminem
837 491 926 552 credo
939 491 1085 565 dubitare,
1101 510 1161 570 quo
1177 492 1240 554 solo
1256 513 1307 572 ge·

236 595 309 638 nere
325 576 543 638 exercitationis
559 576 666 638 dicitur
681 595 753 638 usus
768 595 832 638 esse
848 576 1007 658 Sulpicius.
1041 577 1113 637 Nam
1131 586 1160 637 et
1174 577 1309 640 sublimis

236 662 356 742 spiritus
371 660 511 722 adtollere
527 661 691 722 orationem
707 669 813 743 potest,
829 669 858 721 et
871 659 960 722 verba
975 662 1090 741 poetica
1105 661 1241 724 libertate
1257 683 1308 726 au-

235 746 353 808 daciora
369 765 430 808 non
443 755 638 826 praesumunt
649 746 773 807 eandem
783 747 904 826 proprie
916 746 1032 808 dicendi
1044 747 1221 808 facultatem.
1250 748 1308 810 Sed

236 839 265 893 et
286 831 358 912 ipsis
379 831 533 893 sententiis
554 830 669 892 adicere
690 831 758 893 licet
780 832 940 893 oratorium
963 831 1056 894 robur
1071 839 1100 892 et
1116 833 1221 894 omissa
1237 853 1308 915 sup-

197 927 212 976 5
234 916 317 997 plere
333 924 362 977 et
377 915 468 978 effusa
484 915 695 995 substringere.
725 916 828 994 Neque
847 935 902 996 ego
917 909 1118 997 paraphrasim
1136 935 1199 979 esse
1214 919 1308 980 inter-

236 1001 431 1082 pretationem
448 1008 561 1062 tantum
577 1001 643 1062 volo
656 1000 706 1063 sed
718 1001 795 1062 circa
809 1002 928 1063 eosdem
940 1021 1046 1064 sensus
1058 1010 1206 1064 certamen
1220 1011 1309 1082 atque

235 1086 471 1147 aemulationem.
501 1086 631 1165 Ideoque
646 1087 681 1146 ab
703 1086 760 1147 illis
783 1085 935 1159 dissentio,
958 1087 1007 1168 qui
1028 1095 1143 1148 vertere
1159 1089 1309 1150 orationes

235 1171 353 1233 Latinas
367 1179 475 1246 vetant,
492 1172 559 1250 quia
575 1171 693 1252 optimis
709 1172 869 1252 occupatis
886 1173 1029 1252 quidquid
1043 1173 1128 1234 aliter
1139 1173 1309 1250 dixerimus,

235 1272 358 1318 necesse
380 1257 417 1317 sit
432 1275 496 1317 esse
514 1256 652 1318 deterius.
682 1256 754 1316 Nam
779 1275 876 1334 neque
896 1276 1013 1337 semper
1030 1267 1075 1318 est
1090 1258 1306 1337 desperandum

236 1341 345 1420 aliquid
361 1341 426 1416 illis,
451 1360 526 1422 quae
542 1342 618 1402 dicta
634 1350 713 1413 sunt,
734 1342 840 1403 melius
855 1361 942 1422 posse
958 1343 1098 1422 reperiri;
1122 1361 1220 1421 neque
1235 1344 1307 1405 adeo

235 1427 365 1488 ieiunam
381 1445 413 1486 ac
428 1443 590 1507 pauperem
603 1436 706 1488 natura
718 1426 915 1506 eloquentiam
929 1428 1006 1501 lecit,
1022 1436 1056 1489 ut
1068 1446 1125 1489 una
1139 1427 1175 1487 de
1188 1447 1220 1488 re
1231 1429 1307 1490 bene
1401 1500 1411 1508 ..

197 1522 212 1571 e
235 1511 292 1573 dici
304 1512 359 1573 nisi
373 1511 464 1573 semel
476 1531 538 1572 non
550 1512 651 1591 possit.
681 1511 742 1572 Nisi
754 1511 830 1572 forte
840 1513 1018 1574 histrionum
1030 1513 1122 1574 multa
1134 1513 1208 1573 circa
1220 1531 1309 1575 voces

237 1597 352 1658 easdem
376 1597 488 1657 variare
512 1605 611 1677 gestus
632 1605 745 1676 potest:
767 1597 870 1657 orandi
894 1597 1058 1671 minervis,
1079 1608 1112 1659 ut
1126 1598 1239 1658 dicatur
1254 1598 1309 1658 ali-

237 1681 316 1760 quid,
331 1689 400 1760 post
415 1681 493 1761 quod
509 1681 540 1742 in
565 1681 666 1742 eadem
682 1683 803 1742 materia
824 1681 897 1742 nihil
912 1683 1068 1743 dicendum
1085 1683 1131 1746 sit.
1162 1683 1219 1744 Sed
1236 1693 1309 1760 esto,

235 1783 334 1846 neque
354 1765 460 1827 melius
482 1766 561 1846 quod
582 1766 748 1827 invenimus
770 1785 834 1828 esse
851 1785 948 1846 neque
963 1785 1030 1847 par:
1053 1777 1098 1828 est
1113 1775 1193 1829 cerie
1208 1770 1309 1847 proxi·

199 1862 213 1910 τ
235 1851 292 1912 mis
308 1851 400 1912 locus.
431 1852 477 1911 An
492 1870 562 1912 rere
578 1851 633 1931 ipsi
650 1870 710 1912 non
727 1850 772 1912 bis
787 1870 821 1913 ac
835 1851 952 1932 saepius
967 1853 1003 1913 de
1019 1852 1118 1916 eadem
1135 1872 1168 1913 re
1184 1852 1309 1915 dicimus

236 1944 265 1997 et
287 1935 404 2015 quidem
429 1937 586 1997 continuas
607 1954 832 2015 nonnumquam
857 1935 1040 1998 sententias?
1066 1939 1127 1999 Nisi
1142 1939 1219 1998 sorte
1235 1957 1308 2000 cou-

235 2021 358 2083 tendere
380 2021 534 2082 nobiscum
556 2040 724 2102 possumus,
744 2040 812 2082 cum
833 2021 896 2083 aliis
918 2042 977 2083 oon
1000 2041 1166 2103 possumus.
1197 2023 1268 2084 Nam
1284 2024 1308 2085 si

235 2123 296 2167 uno
313 2124 423 2186 genere
438 2104 516 2167 bene
532 2106 689 2180 diceretur,
711 2107 755 2168 las
771 2114 833 2168 erat
849 2107 1007 2168 existimari
1022 2108 1205 2188 praeclusam
1221 2108 1309 2170 nobis

235 2209 250 2251 a
266 2191 417 2271 prioribus
431 2191 520 2266 viam;
537 2210 619 2252 nunc
633 2211 704 2252 vero
720 2192 951 2253 innumerabiles
967 2202 1037 2258 sunt
1052 2193 1132 2254 modi
1148 2194 1307 2272 plurimae-

196 2285 293 2355 eque
315 2273 418 2336 eodem
438 2276 501 2336 viae
516 2275 639 2336 ducunt.
683 2277 742 2338 Sua
764 2275 898 2338 brevitati
919 2277 1019 2355 gratia,
1045 2296 1096 2338 sna
1113 2279 1227 2358 copiae,
1254 2278 1308 2340 alia

234 2360 382 2421 translatis
396 2359 497 2436 virtus,
513 2361 567 2421 alia
583 2362 721 2441 propriis,
737 2361 795 2422 hoc
811 2362 904 2422 oratio
916 2370 1006 2438 recta,
1022 2362 1093 2424 illud
1110 2365 1203 2442 figura
1218 2364 1309 2424 decli-

235 2454 303 2506 nata
319 2445 515 2506 commendat.
545 2445 613 2526 Ipsa
635 2445 764 2525 denique
785 2445 937 2507 utilissima
954 2449 997 2508 e'st
1013 2449 1217 2509 exercitationi
1232 2449 1309 2510 dilli-

269 2616 294 2665 4.
308 2613 458 2664 senarios
467 2616 612 2666 conversio.
625 2612 671 2666 llie
680 2613 749 2666 llon-
799 2613 897 2665 detisch
915 2614 1092 2680 hinzuqeh'rgt,
1110 2617 1162 2681 rql.
1180 2615 1198 2678 l,
1221 2619 1259 2680 10,
1279 2619 1308 2669 6:

235 2679 363 2733 struhtion
374 2680 419 2732 des
429 2679 555 2733 Verbums
571 2682 633 2747 geht
648 2683 693 2734 aul
701 2682 746 2733 das
797 2685 852 2731 nisi
863 2681 935 2743 forie
946 2678 1104 2734 ἀντιδότουε
1115 2684 1221 2750 quidem
1229 2713 1264 2722 —
1274 2700 1310 2736 ea

235 2748 431 2800 Substantirnm
440 2749 623 2814 verbotenus,
633 2751 686 2817 vgl.
698 2749 748 2814 Vll,
798 2750 889 2800 multis
906 2777 939 2788 -
953 2751 1091 2813 effectibus
1103 2755 1227 2818 componi
1237 2752 1308 2803 oido-
1441 2737 1451 2808 1

236 2819 260 2881 2,
279 2820 310 2870 35
330 2833 364 2867 ero
382 2819 471 2868 caude
483 2820 619 2883 probabo.
797 2833 856 2868 mue
872 2845 906 2856 -
928 2823 955 2868 ei
976 2824 1051 2870 muta
1075 2820 1205 2886 amimalia
1222 2820 1309 2870 mellis

269 2889 296 2934 et
311 2887 379 2950 ipsa,
398 2883 589 2950 geweihnlicher
605 2889 665 2951 ipae
682 2902 747 3005 greo-
798 2885 875 2936 illum
898 2888 1083 2938 inimitabilem
1111 2890 1244 2939 humanae
1264 2905 1309 2939 ra-

235 2965 300 3017 quo,
322 2965 365 3001 wo
383 2966 435 3003 von
452 2952 535 3003 einern
553 2953 662 3005 aweiten
701 2955 747 3004 nb·
799 2956 869 3005 tioni
888 2970 1009 3020 saporem
1028 2983 1061 2994 -·-
1078 2955 1237 3022 perficiunt:
1259 2971 1309 3006 noe

231 3017 290 3084 jelt
314 3017 434 3070 desselbe
457 3024 595 3086 eusgesagt
617 3020 696 3086 wird‚
719 3023 745 3072 in
798 3023 967 3088 mirabimur,
983 3026 1009 3073 ei
1027 3026 1117 3074 oratio
1134 3051 1167 3062 -
1183 3024 1309 3088 pluribus

236 3086 280 3139 der
297 3085 449 3152 Bedeutunq
464 3081 637 3153 ‘gleichlells',
655 3090 707 3156 vgl.
722 3094 745 3155 5,
797 3092 903 3140 ortibus
921 3095 1005 3156 egeat.
1036 3092 1065 3156 ll,
1078 3095 1102 3156 3,
1115 3095 1145 3144 6:
1163 3091 1226 3143 Nisi
1237 3090 1308 3153 forte

235 3157 276 3208 20.
295 3159 320 3218 6,
340 3158 362 3207 1.
382 3157 405 3219 ’1,
426 3157 467 3207 16.
796 3159 1000 3223 Iouemquidem
1009 3159 1307 3226 Phidiuaoptimefeeit‚

795 3227 845 3277 illu
863 3231 952 3276 euim
971 3255 1003 3264 ·-
1023 3229 1094 3278 alius
1110 3230 1205 3280 melius
1222 3229 1308 3279 elade-

795 3298 886 3344 russei.

830 3367 982 3414 esto-esee.
994 3362 1052 3430 Vgl.
1061 3363 1229 3431 llor.Epist.l,
1237 3367 1259 3428 1,
1267 3366 1308 3416 81.

831 3434 855 3484 1.
869 3429 1008 3496 plurimae
1025 3433 1114 3484 eodem
1127 3435 1185 3483 oiae
1197 3431 1307 3492 ducunt,

796 3499 896 3550 scheint
924 3499 1144 3565 sprichwirtliche
1166 3498 1308 3550 Redensart

271 3222 414 3288 Subrieim,
432 3238 454 3275 s.
474 3226 495 3290 1,
515 3226 571 3276 116.

264 3296 450 3356 praesumunt.
493 3291 539 3343 Die
560 3291 745 3346 Zurirchbezie·

233 3358 306 3424 hung
328 3358 374 3410 nul
394 3359 440 3410 das
465 3359 608 3412 hendelnde
627 3359 745 3428 Subjeht,

234 3425 276 3480 die
294 3429 368 3478 sonet
379 3431 444 3479 stete
456 3427 482 3480 in
491 3443 664 3494 praesumere
673 3428 745 3496 liegt,

235 3495 296 3561 geht
313 3494 369 3546 hier
387 3509 451 3562 ganz
466 3495 590 3548 verloren.

270 3565 293 3618 6.
317 3562 474 3644 Ilici-vif.
499 3551 744 3646 dhnliehwienach

234 3631 744 3776 ereremumteterrime

234 3779 276 3816 ern
289 3767 403 3832 amciter,
415 3783 458 3820 nor
471 3767 519 3820 den
531 3769 674 3836 (legensata
683 3769 745 3820 awi-

234 3832 312 3884 seben
325 3836 485 3887 liciniorum
498 3841 591 3901 gatru
601 3836 653 3890 und
665 3853 745 3888 oron-

233 3900 315 3976 dim’e
332 3901 418 3954 scheri
432 3903 649 3971 hervorzuheben‚
668 3919 744 3972 neyn-

797 3581 828 3619 zu
847 3582 911 3619 sem.
964 3613 966 3616 .

831 3638 856 3688 8.
875 3637 963 3686 oratio
981 3640 1054 3686 recta
1072 3635 1107 3686 ist
1119 3634 1160 3686 die
1174 3634 1306 3698 schlichte‚

797 3702 913 3754 einiache
926 3701 1085 3768 Redeweise‚
1099 3703 1150 3769 vgl.
1166 3706 1188 3769 l,
1199 3705 1240 3767 ll,
1257 3700 1307 3753 Ge·

797 3774 901 3837 pensati
925 3769 990 3822 dazn
1014 3772 1049 3822 ist
1071 3775 1160 3823 arretio
1177 3771 1308 3836 figurata,

796 3840 848 3904 rgl.
866 3839 908 3903 lx,
921 3843 943 3903 1,
954 3842 983 3898 3:
1002 3843 1117 3906 utruque
1134 3855 1177 3890 rea
1195 3837 1306 3904 iTr0pen

795 3905 847 3957 und
866 3905 986 3972 Figuren)
1007 3907 1040 3957 de
1056 3911 1131 3958 rectu
1149 3913 1175 3958 et
1191 3907 1308 3972 simplici
