2918 4564
492 287 495 291 .
533 246 640 302 aenda
658 247 675 300 1.
695 251 710 315 a
728 248 838 302 ai-aa.
1176 247 1216 306 ab

151 425 315 498 sublimius,
332 425 455 500 duodus,
471 423 610 486 amnibus
624 422 753 502 denique
769 424 903 486 annuens
913 424 1130 502 praestantius?
1144 424 1218 496 Quis

151 511 231 572 enim
247 517 366 572 eaneaet
380 510 456 572 bella
470 509 575 571 melius
590 527 677 588 quam
692 509 743 588 qui
758 509 801 570 sie
816 505 914 589 gerit?
937 507 1033 580 Quem
1046 509 1217 589 praesiden-

150 605 196 658 tes
206 594 314 656 studiis
327 595 397 656 deae
411 595 536 675 propius
550 591 708 656 audirent?
736 593 789 656 Cui
804 593 897 674 magis
914 611 984 655 suaa
999 595 1070 656 artis
1091 597 1218 675 aperiret

151 679 294 742 familiare
309 699 419 742 numen
435 677 605 742 Minervae?
631 679 737 741 ltieeut
757 680 829 740 haee
842 679 961 760 plenius
980 680 1079 740 lutura
1094 682 1218 756 sabath,
1239 690 1269 741 at

152 783 234 826 nune
255 765 334 827 euim
355 775 520 827 ueteneaum
540 765 655 844 litigare
678 764 820 829 virtutum
836 765 898 826 laus
911 765 966 825 ista
981 764 1217 846 praestaingitur.

150 851 211 912 llas
225 858 323 911 tamen
335 867 421 912 saera
434 851 587 912 literanum
602 849 733 912 uolentes
745 850 833 923 laras,
848 849 964 923 baasam
980 850 1005 912 si
1020 867 1080 912 nan
1098 849 1218 912 tacitum

153 936 210 996 bae
224 936 464 1014 praeterimuset
478 929 644 1016 Vergiliano
661 945 740 996 eerte
754 951 840 995 versu
856 943 1008 1010 mammas,

235 1019 339 1082 later
353 1019 721 1083 victricesbedenann
736 1019 805 1080 tibi
820 1037 975 1100 serpere
990 1022 1132 1082 laurus.

236 1104 335 1186 Elegia
350 1123 469 1186 queque
481 1106 609 1168 desecas
620 1123 824 1186 praebeamus,
840 1105 924 1189 euius
938 1106 1010 1166 milii
1021 1114 1118 1167 tersis
1130 1115 1219 1184 atque
1240 1113 1269 1164 aa

151 1191 270 1269 elegans
284 1191 409 1254 maxime
422 1191 540 1254 videtin
551 1200 657 1252 anetus
677 1189 862 1252 Tibullus.
891 1187 969 1252 &ant
984 1191 1034 1270 qui
1056 1189 1218 1270 Propen-

150 1275 247 1336 tium
263 1277 374 1339 malint.
412 1276 567 1338 Ovidius
580 1285 710 1354 utroque
725 1275 859 1336 lesuiritu
872 1275 950 1337 siant
964 1275 1068 1337 durior
1081 1274 1219 1336 Gallus.

150 1361 256 1422 Satura
271 1362 389 1442 quidem
404 1369 465 1422 tata
480 1370 582 1423 uastae
596 1369 651 1436 est,
674 1361 705 1421 in
728 1377 785 1439 qua
806 1361 920 1440 primus
941 1360 1090 1440 insignem
1104 1360 1219 1420 laudem

151 1446 275 1525 adeptus
296 1447 470 1510 Lucilius
491 1446 633 1524 quasdam
652 1445 694 1507 ita
715 1446 829 1511 deditos
849 1444 905 1508 sibi
926 1446 1022 1508 adhue
1037 1445 1125 1508 habet
1139 1464 1219 1508 ama-

150 1540 239 1606 tores,
256 1542 289 1593 ut
304 1550 373 1592 eum
388 1550 450 1592 non
467 1531 598 1592 eiusdem
612 1531 700 1591 modo
714 1531 815 1612 aperis
829 1530 1000 1592 auctoribus
1014 1530 1066 1592 sed
1081 1530 1232 1603 dumibus¹

151 1616 248 1695 poetis
263 1618 413 1694 praeferre
429 1635 490 1676 nen
508 1615 653 1678 dubitent.
683 1613 746 1695 Ego
762 1624 905 1695 quantum
920 1615 1037 1689 abillis,
1054 1625 1166 1677 tantum
1182 1615 1219 1676 ab
1240 1623 1269 1674 at

152 1699 272 1760 Horatio
288 1699 440 1775 dissentio,
456 1701 506 1779 qui
521 1699 668 1764 Lucilium
689 1701 811 1764 fluere
832 1701 1065 1765 lutulentum
1087 1710 1115 1761 et
1137 1718 1217 1764 esse

151 1882 294 1934 utedeetiae
302 1886 429 1949 imagine,
446 1887 477 1934 ia
489 1883 659 1935 altitudinem
709 1883 770 1936 luein
788 1883 878 1936 andree
889 1886 928 1936 els
937 1884 984 1936 der
996 1884 1148 1936 kaiaetiebe
1159 1883 1218 1936 Bia·

152 1951 274 2002 penditus
290 1952 458 2018 etudiumque
470 1953 621 2004 litterarum
633 1957 660 2003 et
711 1953 801 2004 baeles
828 1951 868 2004 die
895 1951 982 2004 Preise
1008 1953 1111 2004 verleilt
1136 1952 1219 2004 haben

151 2034 268 2069 amarem
285 2022 434 2070 earmiuum
449 2020 659 2088 eimalumsque
712 2018 787 2070 lteun.

150 2087 252 2137 uetaret
271 2089 390 2138 animum
409 2093 435 2138 et
456 2087 554 2150 irati-ie
572 2103 660 2138 aemu-
745 2089 786 2139 92.
803 2085 878 2148 serae
901 2086 1042 2154 eatspaiebt
1061 2086 1119 2138 dem
1136 2090 1220 2140 unter-
1320 2127 1325 2136 .

149 2155 248 2206 latiam
263 2155 463 2221 subduceretur,
481 2159 558 2206 autur
573 2157 660 2222 diepa·
710 2155 834 2221 tuingen
844 2153 917 2217 Stile,
932 2155 961 2208 iu
977 2153 1036 2208 dena
1053 2155 1102 2207 dae
1112 2153 1220 2208 Verber-

150 2238 206 2274 rem
224 2226 408 2290 mitioremque
419 2229 547 2275 ueneram
565 2229 659 2275 eantru
711 2223 826 2290 gebeade
844 2223 963 2289 pebelteu
980 2223 1022 2277 ist

149 2293 394 2357 interpretabatur,
416 2291 497 2344 saule
520 2291 591 2344 Suet.
609 2291 657 2343 llo·
746 2291 912 2358 Vergiliana,
930 2291 982 2344 tel.
1001 2294 1026 2356 8,
1046 2295 1085 2346 13.

150 2359 204 2410 uait.
224 2361 252 2411 2:
276 2359 421 2411 Simulavit
441 2363 469 2411 ei
484 2363 540 2427 ipae
562 2364 660 2412 meam
744 2361 784 2414 93.
806 2357 937 2426 Tibullus,
958 2357 1062 2423 Albius,
1082 2357 1220 2412 rbmisaher

149 2427 305 2478 modestiam
322 2431 351 2478 iu
371 2431 519 2494 primisque
536 2433 660 2495 poeticae
709 2425 977 2484 adiuuante-18
996 2445 1020 2478 v.
1039 2427 1095 2480 (ilar.

150 2494 269 2544 studium
288 2499 341 2546 tam
358 2499 490 2547 insuetum
513 2501 592 2548 autea
607 2498 661 2547 eibi
743 2497 912 2562 Propertius,
931 2495 957 2550 S.
975 2495 1107 2558 Aurelius,
1124 2509 1168 2549 um
1186 2498 1219 2547 54

152 2576 232 2626 quam
244 2567 339 2627 postea
353 2568 471 2630 epe-etum
483 2569 510 2614 et
521 2567 659 2629 abieetum,
674 2617 682 2634 .
710 2564 750 2616 bis
770 2564 801 2615 lb
819 2578 844 2614 v.
860 2563 925 2628 Ghn,
943 2561 1156 2614 uebrsebeinlieb
1174 2576 1219 2614 aus

151 2631 328 2694 remmuitpue
345 2633 426 2681 etiam
439 2632 560 2696 publium
578 2647 600 2682 e.
620 2635 658 2682 lb.
708 2630 834 2681 Assisium
845 2629 1010 2692 inUmbrieu,
1025 2629 1220 2694 Altersgeuosse

151 2698 337 2763 Primeipatum
355 2699 466 2764 adeptae
480 2713 565 2764 neque
576 2701 607 2748 ira
624 2715 662 2748 ee-
712 2697 819 2750 Tibulle.

151 2770 219 2816 matu
237 2768 338 2816 iactare
351 2766 484 2816 dubitanti
498 2759 534 2816 ‘et
545 2769 663 2848 patriae
746 2766 880 2832 taminiae,
899 2764 969 2834 geht,
993 2766 1043 2818 wie
1061 2765 1106 2819 der
1122 2763 1221 2832 Gegan-

152 2838 179 2883 et
195 2833 280 2894 fratri
297 2836 439 2900 imperium
452 2834 557 2885 deditae
584 2839 632 2886 ete.
711 2841 766 2886 sata
794 2833 889 2884 durior
915 2833 995 2900 aeigt,
1022 2833 1089 2888 olane
1113 2831 1221 2886 Zweilel

148 2931 154 2945 ι
184 2902 410 2967 praesidentee-
423 2903 495 2964 eleae,
513 2903 565 2968 agl.
584 2904 600 2967 b
618 2904 660 2955 48.
712 2901 776 2954 auch
800 2900 855 2954 hier
876 2901 926 2954 wie
949 2901 1015 2968 §88
1039 2902 1085 2958 aul
1105 2901 1154 2954 deu
1172 2899 1221 2954 Stil

182 2972 312 3038 propius,
337 2969 414 3023 heilst
434 2969 507 3022 nieht
533 2987 580 3023 nur
605 2965 661 3022 ‘aas
711 2967 1093 3039 uuddiellerstelluapsweise.
1111 2967 1220 3036 vgtlx,

66 3046 69 3052 '
152 3036 278 3103 grilseru
291 3031 380 3104 Nite',
399 3039 508 3092 sandeta
525 3037 590 3092 auen
605 3032 662 3090 ¹<uait
712 3041 740 3102 4,
757 3040 818 3094 tta:
842 3039 873 3100 lm
899 3042 1053 3092 uuiumum
1074 3043 1175 3101 autem,
1197 3040 1222 3088 si

152 3105 661 3172 grblseremlnteresseuudbeaielitsialt
712 3109 748 3155 eit
765 3103 880 3172 neeesse,
903 3108 1017 3160 duram
1036 3110 1126 3174 patius
1143 3111 1222 3172 atque

154 3173 200 3224 eal
232 3173 273 3226 die
303 3175 517 3240 woblwolleude‚
552 3175 662 3242 gnidige
714 3175 1222 3242 asperamaumpaeiiiauemmalimeeee

152 3239 300 3294 'leilnahme
317 3242 362 3296 der
373 3241 463 3296 blesen
480 3244 521 3296 bei
540 3243 584 3296 der
599 3241 663 3296 Vor—
712 3244 1221 3309 puameffemiuatametemeruempua-

153 3307 244 3375 leaaug
267 3310 312 3362 der
333 3311 456 3365 Gedielate
477 3313 545 3364 ibres
569 3312 663 3365 Gbust-
714 3313 747 3362 lie
763 3311 838 3378 apud
853 3311 957 3376 multae,
975 3315 1002 3361 et
1018 3311 1115 3362 cotidie
1127 3313 1222 3376 magia,

154 3371 239 3439 lings'.
266 3377 391 3444 (Becher).
713 3379 894 3430 laseiuteeimis
925 3381 1102 3448 mammarum
1136 3377 1222 3429 mariis

187 3441 324 3504 familiare
351 3447 454 3499 bezient
482 3448 537 3500 siela
565 3447 661 3512 darual,
711 3447 801 3498 saltat.
967 3463 969 3468 ·

154 3510 209 3562 dals
221 3509 356 3580 Domitian,
368 3515 419 3566 wie
431 3515 601 3568 Philostratus
611 3515 662 3566 tit.
749 3513 854 3577 Gallae,
883 3514 1029 3578 Cornelius,
1054 3529 1100 3567 eus
1128 3514 1220 3566 Forum

153 3578 238 3646 Apoll.
263 3579 312 3643 Vll,
332 3583 365 3634 24
387 3583 502 3646 uitteilt,
526 3583 566 3634 ibi
587 3583 661 3635 einen
713 3582 777 3647 iulii,
794 3583 936 3634 vmttauter
952 3581 1114 3635 Freuaddes
1131 3579 1221 3646 Vergi-

154 3645 224 3699 Sohn
249 3647 293 3699 der
315 3648 427 3702 blineave
451 3650 536 3716 gellen
560 3651 662 3710 wollte3
712 3649 937 3718 indelebilia),
955 3647 1221 3703 uoadviduudl‘m-

153 3713 205 3768 und
227 3715 273 3767 aul
294 3717 340 3770 des
363 3731 414 3770 aaa
436 3718 488 3770 llam
506 3719 663 3785 pegrdndete
713 3733 773 3784 pera
798 3719 856 3770 selu
877 3718 944 3771 heah
970 3718 1113 3784 geschitat,
1139 3719 1220 3770 tbtete

153 3782 552 3854 blinerveulestipuirapuatruel,
564 3787 662 3839 audete
713 3786 769 3837 siclt
786 3785 867 3838 eelbet
884 3791 917 3840 bb
935 3803 960 3838 v.
978 3785 1035 3838 (liu.

154 3852 286 3917 paetiaebe
315 3853 367 3907 und
394 3854 553 3907 thetaeisehe
581 3854 663 3907 Wett-
747 3853 1220 3921 neutra,vgl.flar.su1,ta‚ta.

156 3919 235 3984 spiele
244 3921 396 3988 abpehalten
407 3923 520 3989 wanden,
529 3923 571 3975 bei
581 3923 662 3976 maen
747 3924 788 3975 94.
808 3921 936 3988 beritius
954 3921 980 3976 G.
999 3937 1045 3976 aas
1063 3921 1156 3976 Suessa
1170 3925 1221 3975 llu-
