2918 4564
629 218 736 272 meur
754 219 796 276 rv.
814 219 831 288 y
852 223 925 288 1-4.

680 425 790 502 Garun
816 425 868 500 lv.

500 561 707 650 QUOMODO
734 561 1048 688 uuuuutpuutr.

200 745 214 796 1
321 734 462 813 Sequitur
483 734 715 809 emendatio,
741 751 811 812 pars
835 732 1004 794 studiorum
1029 732 1118 812 longe
1145 732 1307 794 utilissima.

236 820 338 898 Neque
359 819 440 882 enim
461 819 525 880 sine
547 837 635 881 causa
656 818 800 880 creditum
821 817 998 893 est,'stilum
1019 835 1081 879 non
1102 818 1200 880 minus
1219 835 1307 897 agere

236 923 305 967 cum
319 903 406 965 delet.
436 904 531 966 lluius
552 913 648 966 autern
670 903 770 984 operis
790 911 834 965 cst
850 903 975 978 adicere,
997 902 1160 976 detrahere,
1182 912 1307 966 mutare.

236 989 294 1052 Sed
308 988 422 1051 facilius
436 989 467 1050 in
482 989 519 1051 iis
533 979 756 1069 simpliciusque
771 988 923 1061 iudicium,
946 1005 1020 1066 quiae
1035 988 1177 1068 replenda
1192 988 1237 1048 vel
1253 989 1304 1049 de·

235 1074 350 1136 icienda
362 1084 447 1150 sunt;
464 1092 600 1154 premere
611 1093 681 1136 vero
692 1074 846 1147 tumentia,
860 1073 980 1134 humilia
992 1073 1141 1149 extollere,
1154 1073 1306 1136 luxurian-

235 1159 275 1220 tia
289 1159 483 1240 adstringere,
495 1160 665 1222 inordinata
681 1160 824 1242 digerere,
846 1159 942 1219 soluta
964 1175 1155 1238 componere,
1172 1159 1307 1220 exultan-

234 1244 274 1306 tia
289 1262 436 1318 eoercere,
453 1244 579 1326 duplicis
593 1252 728 1324 operaest
739 1245 812 1305 Nam
830 1252 860 1304 et
880 1243 1046 1304 damnanda
1068 1252 1139 1304 sunt
1153 1261 1227 1322 quae
1241 1243 1305 1324 pla·

198 1339 213 1390 2
234 1338 366 1405 cuerant,
382 1337 412 1390 et
426 1329 603 1391 invenienda
615 1347 692 1409 quae
707 1331 854 1407 fugerant.
883 1329 945 1389 Nec
959 1327 1082 1390 dubium
1101 1335 1147 1389 est
1161 1327 1306 1409 optimum
1347 1347 1352 1361 ‘

234 1433 298 1476 esse
313 1414 489 1476 emendandi
509 1433 612 1494 genus,
633 1415 657 1476 si
673 1414 780 1495 scripta
796 1413 826 1475 in
842 1413 960 1492 aliquod
976 1421 1093 1492 tempus
1108 1421 1305 1493 reponantur,

232 1508 266 1560 ut
280 1501 316 1560 ad
332 1519 366 1561 ea
380 1508 447 1580 post
467 1500 653 1561 intervallum
671 1499 752 1560 velut
772 1517 848 1560 nora
868 1507 958 1576 atque
978 1498 1074 1559 aliena
1088 1499 1250 1572 redeamus,
1265 1517 1306 1559 ne

195 1595 210 1644 a
233 1584 320 1646 nobis
340 1585 450 1664 scripta
472 1594 572 1646 nostra
592 1594 742 1664 tamquam
763 1592 900 1645 recentes
920 1585 997 1644 latus
1018 1579 1305 1673 blandiantur.)(Sad

233 1687 331 1748 neque
358 1671 416 1730 hoc
436 1670 609 1750 contingere
628 1687 746 1749 semper
770 1678 881 1748 potest,
908 1667 1079 1749 pracsertim
1105 1669 1231 1743 oratori,
1258 1665 1306 1729 cui

232 1755 350 1835 saepius
364 1754 496 1816 scribere
516 1757 551 1816 ad
567 1754 731 1834 praesentis
744 1772 817 1815 usus
835 1762 1027 1828 neceseeest3
1043 1754 1150 1833 etipsa
1166 1755 1305 1815 emenda·

233 1839 275 1900 tio
290 1840 380 1900 finem
394 1839 510 1902 habeat.
541 1841 618 1902 Sunt
633 1839 714 1900 enirn
729 1839 781 1918 qui
801 1839 837 1899 ad
859 1838 957 1899 omnia
973 1838 1084 1917 scripta
1098 1848 1249 1918 tamquam
1263 1839 1305 1902 vi·

231 1924 307 1985 tiosa
322 1925 445 1986 redeant
459 1934 497 1998 et,
513 1925 598 2004 quasi
614 1924 687 1986 nihil
701 1926 745 1985 las
760 1924 798 1985 sit
813 1932 929 1985 rectum
940 1941 1004 1985 asse
1016 1923 1095 2002 quod
1108 1925 1237 2003 primum
1250 1932 1303 1997 est,

231 2010 337 2071 melius
351 2010 519 2072 existiment
536 2010 677 2089 quidquid
696 2018 741 2071 est
760 2009 849 2083 aliud,
871 2009 959 2087 idque
974 2009 1091 2082 faciant,
1116 2009 1254 2088 quotiens
1269 2008 1304 2069 li·

231 2094 319 2155 brum
334 2095 365 2155 in
381 2113 487 2158 manus
501 2103 736 2175 resumpserunt,
758 2093 867 2156 similes
887 2093 1008 2155 medicis
1023 2093 1111 2154 etiarn
1125 2093 1241 2172 integra
1257 2111 1304 2154 se·

232 2180 378 2241 cantibus.
408 2179 521 2241 Accidit
536 2181 642 2259 itaque,
658 2189 690 2240 ut
705 2180 877 2242 cicatricosa
894 2179 955 2240 sint
969 2187 998 2239 et
1013 2179 1173 2256 exsanguia
1189 2188 1304 2241 etcum

193 2274 209 2324 t
230 2264 341 2345 peiora.
372 2263 416 2324 sit
430 2283 501 2344 ergo
517 2265 673 2343 aliquando
689 2264 769 2342 quod
784 2264 898 2344 placeat
912 2272 963 2325 aut
977 2272 1057 2326 certe
1074 2266 1152 2344 quod
1169 2264 1305 2340 sufficiat,

231 2357 264 2408 ut
285 2367 361 2428 oprrs
383 2349 476 2429 poliat
496 2349 563 2410 lima
584 2368 646 2410 non
667 2357 787 2410 exterat.
818 2349 974 2428 Temporis
993 2367 1113 2427 quoque
1134 2368 1199 2410 esse
1216 2348 1306 2410 debet

231 2435 346 2495 modus.
383 2435 456 2495 Narn
478 2435 556 2513 quod
584 2433 696 2495 Cinnae
717 2434 873 2514 Zmyrnam
899 2451 1005 2494 novem
1026 2433 1112 2495 annis
1136 2433 1304 2515 accepimus

231 2513 380 2598 scriptam,
396 2527 426 2581 et
441 2519 653 2601 Panegyricum
669 2519 815 2593 isocratis,
838 2519 888 2598 qui
904 2518 1084 2600 parcissime,
1100 2520 1203 2580 decern
1217 2519 1304 2582 annis

231 2603 334 2666 dicunt
349 2603 548 2668 elaboratum:
564 2604 600 2666 ad
616 2614 765 2666 oratorem
776 2605 849 2668 nihil
860 2603 998 2684 pertinet,
1014 2604 1099 2664 cuius
1112 2604 1227 2666 nullum
1239 2605 1304 2678 erit,

229 2689 331 2750 sitam
347 2691 464 2750 tardum
480 2691 578 2765 luerit,
593 2690 743 2752 auxilium.

268 2827 289 2874 l.
307 2823 468 2887 emicantia,
486 2837 507 2877 s.
525 2825 549 2886 2,
570 2826 610 2876 16.
792 2821 864 2886 tulis,
882 2819 1015 2874 Verlasser
1032 2822 1102 2876 eines
1121 2821 1241 2890 episehen
1255 2822 1306 2878 Oe·

229 2937 232 2945 .
265 2891 288 2942 2.
306 2888 394 2954 fetus,
421 2890 539 2944 ziemlich
563 2891 659 2942 seltner
677 2891 743 2944 ilus·
792 2889 891 2942 dientes
909 2889 1031 2957 Zmyrna,
1051 2890 1098 2942 das
1122 2890 1239 2944 verloren
1257 2906 1303 2958 ge·

229 2955 318 3010 druclr.
791 2971 893 3024 gangen
910 2957 952 3010 ist.

259 3023 443 3089 blandiantur,
451 3017 516 3078 ‘siclr
526 3025 740 3078 einschmeicheln
824 3041 918 3078 novem
927 3029 1015 3092 annm,
1029 3027 1078 3080 wie
1088 3025 1170 3080 Catuli
1183 3027 1209 3078 in
1219 3027 1303 3080 ciuem

230 3091 283 3144 und
301 3087 430 3158 geiallen’.
791 3093 937 3160 Epigramnr
962 3094 1015 3159 (95)
1041 3094 1076 3147 irn
1101 3094 1205 3162 Aniang
1230 3098 1302 3161 sagt:

265 3164 289 3213 3.
315 3159 395 3224 finem
421 3162 530 3225 debeat,
557 3161 613 3214 eine
642 3160 740 3214 Orenze
791 3162 971 3230 Zmyrnaeum·
977 3161 1078 3216 &neae
1086 3179 1185 3214 nonum
1193 3163 1304 3230 postde-

230 3229 323 3293 haben,
341 3228 382 3282 die
398 3229 468 3282 nicht
478 3229 663 3282 iberschritten
676 3244 741 3281 wer·
791 3231 992 3294 ntqeemeaeem,
1003 3230 1305 3298 omnitenentem

228 3295 280 3348 den
296 3296 361 3352 dari.
790 3312 906 3362 namque
923 3297 995 3350 adita
1011 3303 1073 3364 poet
1090 3300 1201 3351 limem
1218 3303 1268 3352 oet.

264 3364 492 3430 similatemedt'ct'a
506 3363 591 3417 dieser
603 3362 740 3431 Vergleiclr
824 3366 1022 3432 Panegyricum
1029 3367 1164 3433 Isocratis,
1170 3367 1226 3420 eine
1234 3367 1305 3420 Fest-

229 3433 278 3486 mit
293 3433 345 3486 den
362 3431 456 3484 Areten
478 3433 512 3484 ist
531 3431 648 3485 ziemlielr
666 3448 740 3486 urrer·
790 3433 859 3496 rede,
877 3432 918 3486 die
936 3432 1040 3486 verder
1054 3434 1304 3502 Festversarnmlnng

231 3508 332 3555 wartet.
616 3502 620 3512 '
791 3500 889 3553 beiden
898 3501 1074 3569 olympischen
1085 3502 1189 3570 Spielen
1199 3517 1245 3570 gea
1263 3519 1304 3558 re·

263 3557 369 3636 itaque}
393 3567 477 3629 Quint
496 3567 650 3622 beobachtet
668 3569 739 3622 nicht
790 3569 857 3622 chen
871 3569 975 3622 worden
988 3570 1039 3624 und
1051 3585 1099 3624 urrs
1112 3572 1178 3626 noch
1188 3520 1302 3624 erhalten

230 3638 302 3690 mehr
328 3637 369 3689 die
391 3636 459 3689 leine
476 3635 696 3702 Uoterscheidung
713 3638 739 3690 in
790 3637 833 3698 ist,
851 3637 903 3704 vgl.
917 3636 984 3690 Plut.
995 3638 1049 3694 dec.
1060 3643 1123 3694 orat.
1134 3635 1158 3690 d.
1169 3656 1193 3708 p.
1205 3637 1302 3694 837F.:

230 3702 274 3756 der
292 3703 410 3770 Stellung
433 3720 483 3757 von
506 3706 598 3771 itaqua
619 3704 670 3758 uod
688 3707 740 3770 a'gt'·
790 3701 842 3756 ,τὸν
853 3721 960 3776 mamyri
978 3702 1037 3758 ικὸν
1054 3707 1126 3760 ἔτεσι
1144 3702 1209 3760 δέκα
1227 3707 1302 3768 oevi·

226 3775 276 3823 tur
293 3772 343 3823 wie
361 3772 456 3825 Cicero.
791 3771 891 3838 θηκεν,
912 3770 940 3826 οἱ
956 3724 987 3825 ald
1003 3769 1154 3828 δεκαπέντε
1171 3771 1301 3848 λέγουσιν·
1436 3813 1443 3860 y

264 3843 288 3893 4.
308 3837 400 3903 anna,
417 3839 740 3906 ὓ.Ηε1νίιιο,Ὲῐειιῑιᾱοῑι-
823 3843 987 3907 parentinae,
1004 3856 1026 3892 s.
1046 3846 1068 3906 1,
1083 3845 1139 3895 101.
