2918 4564
219 208 260 270 tt
594 212 700 266 crrur
719 212 783 279 us
804 214 911 267 m-rr.

218 386 381 466 acceperim
392 385 477 465 'quod
493 404 555 447 non
571 393 616 448 est
630 385 737 447 infiniti
754 386 863 466 operis,
879 386 904 448 si
914 386 1021 448 docere
1032 386 1127 447 sciant
1142 395 1172 446 et
1185 386 1292 462 velint3

219 471 460 532 exercitationem
476 488 595 550 quoque
610 471 755 532 modicam
770 471 862 532 luerit
870 479 1058 545 consecutus,
1075 479 1222 532 oratorem
1237 472 1293 534 sibi

218 557 357 636 aliquem,
381 557 459 634 quod
481 558 558 636 apud
581 557 708 617 maiores
727 557 792 618 ficri
807 556 930 629 solebat,
948 555 1066 634 deligat,
1082 574 1171 635 quem
1186 575 1292 637 sequa-

215 648 277 715 tur,
293 659 381 720 quem
396 642 543 717 imitatum
563 641 679 703 iudiciis
698 642 815 703 intersit
836 642 1075 720 quamplurimis
1096 651 1126 702 et
1146 642 1185 704 sit
1198 651 1293 704 certa·

167 734 197 784 tt
219 726 317 801 minis,
341 727 389 788 cui
405 727 579 800 destinatur,
601 727 744 805 frequens
764 735 922 806 spectator.
952 727 1029 787 'lum
1050 745 1153 788 causas
1167 727 1213 788 vel
1229 746 1292 790 cas·

218 813 296 885 dem,
317 831 392 891 quas
412 812 457 892 agi
478 811 612 885 audierit,
634 811 700 872 stilo
722 812 836 891 etipse
858 821 1028 891 componat,
1047 812 1094 872 vel
1114 812 1201 874 etiam
1222 812 1292 874 alias

218 915 301 958 veras
322 897 409 957 modo
431 907 461 958 et
482 897 632 976 utrimque
654 904 759 958 tractet
780 906 819 970 et,
840 896 920 975 quod
942 898 973 958 in
995 896 1204 976 gladiatoribus
1228 898 1293 958 fieri

218 982 361 1055 videmus,
382 982 554 1043 decretoriis
575 993 758 1056 exerceatur,
781 991 815 1042 ut
835 982 939 1044 iecisse
954 982 1079 1043 Brutum
1096 982 1221 1044 diximus
1236 1001 1291 1062 pro

218 1066 338 1128 Milone.
379 1067 482 1128 liebus
502 1069 559 1128 boc
578 1085 666 1145 quam
688 1067 852 1129 rescribere
873 1067 1023 1130 veteribus
1046 1067 1238 1141 orationibus,
1259 1077 1293 1128 ut

218 1153 289 1213 iecit
304 1152 418 1214 Cestius
433 1161 538 1213 contra
554 1151 705 1214 Ciceronis
720 1153 868 1214 actionem
879 1153 1007 1214 habitam
1022 1169 1078 1232 pro
1094 1153 1208 1226 eodem,
1223 1169 1292 1215 cum

219 1237 340 1298 alteram
356 1246 469 1317 partem
486 1237 557 1299 satis
572 1256 660 1298 nosse
676 1257 737 1299 non
753 1247 854 1317 posset
869 1255 905 1298 ex
919 1238 981 1298 sola
995 1238 1179 1299 defensione.
1281 1279 1285 1290 ·

166 1329 195 1382 rt
304 1322 397 1384 Citius
407 1331 506 1383 autem
517 1323 644 1383 idoneus
656 1323 712 1384 erit
724 1323 849 1396 iuvenis,
866 1341 953 1402 quem
970 1332 1147 1403 praeceptor
1162 1323 1292 1402 coegerit.

217 1407 248 1467 in
265 1407 457 1468 declamando
472 1426 560 1486 quam
576 1407 756 1469 simillimum
772 1427 837 1470 esse
850 1409 966 1469 veritati
981 1417 1011 1468 et
1021 1426 1076 1487 per
1087 1416 1163 1470 totas
1174 1408 1217 1468 ire
1229 1425 1292 1468 ma·

218 1493 317 1564 terias,
339 1511 464 1571 quarum
487 1511 569 1554 nunc
592 1493 727 1554 facillima
749 1503 780 1554 et
793 1494 918 1554 maxime
933 1493 1101 1554 favorabilia
1117 1493 1290 1571 decerpunt

219 1576 346 1640 Obstant
359 1578 439 1650 huic,
456 1578 535 1656 quod
550 1579 682 1640 secundo
698 1578 764 1640 loco
780 1579 876 1657 posui,
900 1580 962 1640 lere
975 1578 1064 1639 turba
1079 1577 1291 1657 discipulorum

218 1671 248 1723 ct
259 1663 442 1723 consuetudo
454 1663 591 1724 classium
603 1665 691 1726 certis
702 1664 807 1725 diebus
816 1663 1041 1737 audiendarum,
1054 1663 1191 1729 nonnihil
1205 1662 1292 1723 etiam

218 1846 385 1964 {write-avit,
395 1849 427 1894 ut
436 1846 568 1974 iqdicirteum
581 1862 615 1897 erc
626 1845 689 1907 sore
700 1849 731 1896 iu
781 1845 893 1964 {terrore
909 1849 961 1897 istu
980 1846 1083 1964 lusoria
1102 1861 1186 1911 arma,
1204 1845 1294 1896 deere-

235 1927 356 1964 asrscam
385 1929 450 1963 raus
464 1930 524 1964 erre
555 1930 578 1964 r.
793 1931 859 1965 omas
877 1931 892 1965 o
911 1931 943 1965 us
961 1930 1006 1965 es.

255 1983 295 2034 19.
314 1982 541 2046 quod-solebat,
558 1997 580 2033 s.
593 1979 653 2034 Tac.
665 1981 730 2034 Dial.
816 1930 945 2048 dentulus,
964 1987 987 2048 l,
1005 1985 1046 2036 23.

219 2052 265 2102 tt:
292 2049 368 2114 Ergo
394 2049 468 2115 apud
489 2053 605 2100 maiores
626 2056 731 2101 nostros
814 2053 960 2102 rescribere
977 2079 1010 2088 —
1035 2052 1217 2116 orationibus,
1240 2050 1292 2115 ugl.

218 2119 322 2168 lucente
338 2117 397 2182 ille,
421 2121 470 2184 qut
485 2116 548 2178 soro
567 2123 593 2167 et
609 2119 731 2184 eloquar·
782 2115 855 2171 Suet.
874 2119 952 2185 curig.
972 2121 1013 2172 53.
1143 2179 1145 2184 ¹

165 2211 168 2219 ·
219 2188 457 2250 desperabatur,
478 2188 666 2237 imbutusr‘am
685 2187 730 2237 do-
818 2187 928 2249 Oesta'us,
946 2187 972 2238 L.
985 2186 1055 2249 Pius,
1068 2187 1109 2239 ein
1122 2184 1293 2251 griechiscber

217 2257 327 2306 mastica
345 2253 497 2319 disciplina,
517 2253 635 2315 refermus
652 2257 731 2306 bone-
782 2253 878 2308 Rhetor
896 2256 929 2306 im
951 2255 1069 2321 Antange
1087 2253 1132 2305 der
1143 2252 1292 2317 Kaiserzcit,

217 2324 265 2372 etta
290 2321 388 2372 studiis
411 2321 591 2372 deducebatur
613 2338 630 2372 a
652 2327 732 2386 pube
782 2322 828 2374 der
851 2338 898 2375 nur
919 2324 1053 2375 lateiniscb
1077 2327 1190 2387 vortrug.
1231 2319 1293 2372 Das·

217 2389 261 2439 nel
283 2406 299 2440 a
321 2392 483 2472 propinquis
503 2390 541 2440 ad
562 2405 623 2440 eum
642 2395 732 2441 orato-
782 2391 854 2471 selbe
866 2391 992 2443 beriebtct
1009 2406 1060 2471 ron
1076 2389 1134 2442 dem
1146 2387 1293 2442 KaiserCa·

217 2458 731 2592 mutttttt‘tttttttttt
781 2458 860 2579 ¹¹⁸ll
874 2455 1048 2593 ttttttt
1065 2461 1207 2579 ilicum,
1223 2526 1293 2578 nen

214 2598 353 2660 prosequi,
371 2596 451 2645 buius
468 2597 590 2646 omrubus
604 2596 731 2647 de'etiom'·
782 2595 808 2646 in
828 2594 969 2647 Gebmucb.

219 2665 267 2714 tus
283 2666 418 2727 inureres,
434 2665 490 2713 sice
507 2666 536 2712 in
554 2664 664 2714 tudiciis
674 2667 731 2714 sive
815 2664 931 2714 secundo
949 2665 1015 2728 loco,
1034 2662 1144 2714 ndmlicb
1160 2677 1211 2729 per
1223 2666 1293 2713 totas

218 2732 441 2796 incensionibus,
455 2731 688 2796 adsumeretur
700 2736 731 2782 ut
781 2733 824 2782 ire
839 2734 976 2784 materias.

218 2799 407 2850 altercationes
430 2815 534 2864 quoque
552 2803 688 2866 exciperet
704 2805 731 2850 et
816 2799 953 2864 classium,
976 2799 1002 2850 in
1027 2798 1125 2866 diesem
1144 2796 1222 2848 Sinne
1241 2801 1293 2849 eret

218 2869 316 2949 tur-gite
341 2870 480 2950 interesset
500 2871 581 2932 utque
597 2871 636 2918 ste
654 2869 730 2918 dirce·
781 2867 806 2917 in
819 2866 864 2919 der
875 2869 994 2934 eniterer
1004 2866 1067 2929 Zeit,
1080 2865 1123 2917 bei
1135 2863 1219 2925 Quint
1231 2865 1293 2949 eini-

217 2935 729 3056 tttttttttttttttlttttt
781 2932 1293 3067 ttttttttttttffttttt

218 3069 288 3121 Brut
307 3068 376 3123 tert
686 3105 689 3114 ·
781 3073 932 3137 captoribus
947 3073 1013 3121 meis
1028 3085 1144 3135 morem,
1168 3071 1293 3136 quicum

253 3141 294 3190 20.
321 3137 548 3204 quas-audierit,
566 3138 615 3191 ie.
634 3140 730 3204 quibus
778 3155 878 3206 pueros
904 3142 934 3188 iu
965 3139 1061 3190 classes
1089 3138 1292 3201 dub-idunan,

218 3207 331 3271 agendis
347 3205 514 3267 interfuerit.
781 3207 903 3258 ordimem
926 3206 1034 3257 &cendi
1053 3206 1198 3258 secumdum
1220 3208 1292 3256 uires

251 3278 395 3342 utrimque,
413 3290 464 3326 von
478 3273 537 3326 dem
550 3273 730 3340 Standpunlste
782 3275 889 3338 dudm,
907 3279 935 3325 et
944 3277 985 3325 ita
995 3276 1135 3339 superiore
1146 3276 1204 3326 loeo
1221 3276 1292 3339 quis·

218 3342 263 3395 des
272 3342 417 3408 dnlddgers
429 3341 480 3394 und
493 3342 539 3395 des
548 3341 729 3408 Verteldigers.
782 3359 833 3410 que
841 3342 1016 3406 declamabat,
1024 3347 1056 3392 ut
1060 3342 1223 3407 maeeedme
1228 3357 1293 3407 prn-

252 3411 422 3473 decretoris‘s,
452 3409 654 3462 substantiviscb
684 3409 731 3462 mit
780 3411 855 3473 foetu
872 3412 1023 3464 videbatur.
1057 3411 1145 3461 [lutus
1161 3411 1203 3461 ret
1219 3409 1291 3460 iudi·

218 3483 320 3531 emeten
339 3477 452 3542 Wallen,
476 3478 594 3544 sqlcben,
617 3478 659 3532 die
680 3478 730 3530 den
782 3482 825 3532 cia
835 3481 1047 3545 praebebanturt
1065 3495 1097 3530 eu
1109 3480 1293 3542 oottstngeus

217 3546 363 3614 Ausecbleg
377 3547 469 3613 geben.
491 3546 601 3598 Abulieb
617 3546 659 3610 vt,
669 3549 729 3610 l,br
778 3549 879 3615 pabor,
897 3548 995 3600 ducere
1011 3563 1075 3598 cero
1087 3545 1197 3598 classem
1208 3546 1292 3598 moue

213 3631 388 3682 pugnumque
403 3614 480 3666 illem
491 3615 670 3667 decretoriam
681 3618 730 3666 im·
778 3616 999 3683 pulcherrimum.

216 3686 312 3749 peritis
333 3700 366 3735 ac
388 3699 467 3750 saepe
488 3683 608 3749 pullatae
635 3685 731 3734 turbae
814 3686 895 3735 certis
912 3683 1222 3746 diebusauds'endarum,
1239 3679 1291 3746 rgl.

217 3750 382 3817 relinquunt,
393 3751 446 3803 und
459 3752 502 3803 bei
511 3750 581 3804 Suet.
593 3752 673 3818 Galig.
683 3754 729 3804 tt:
780 3751 807 3805 ll.
819 3757 842 3816 ¹1,
852 3756 879 3805 l:
897 3752 970 3804 Illud
980 3768 1016 3802 ec
1026 3751 1217 3803 cousuetudine
1234 3763 1292 3800 mu·

214 3822 397 3883 pugnatoria,
420 3819 494 3870 imG
544 3823 617 3872 neate
639 3835 671 3873 uu
690 3821 729 3870 lu·
781 3822 892 3872 tandum
912 3836 1029 3886 prorem
1051 3821 1175 3871 eoeisttmo
1194 3822 1223 3869 im
1248 3819 1293 3882 is's,

218 3885 509 3951 sorta,rgl.bSeneca
541 3888 600 3954 piet,
613 3890 727 3953 lime:
781 3889 927 3953 dequibus
943 3903 1016 3940 mame
1034 3888 1201 3952 disserimus,
1220 3889 1292 3938 aeta-
