2918 4564
462 230 568 284 meur
587 231 619 284 ι.
636 233 656 297 o
670 234 778 285 u-aa.
814 230 854 284 vt
873 231 887 296 o
909 236 930 285 r.
949 235 972 284 a.
1194 227 1235 288 tt

163 409 314 490 persuasio
330 417 447 488 patrum
462 407 682 469 numerantium
697 407 796 486 potius
806 406 1035 468 declamationes
1046 425 1134 486 quam
1147 408 1236 470 aesti-

165 494 317 556 mantium.
349 493 408 554 Sed
431 494 508 571 quod
531 493 590 553 dixi
611 492 717 572 primo,
739 501 773 552 ut
795 491 936 565 arbitror,
955 490 1044 565 libro,
1066 509 1123 554 nee
1141 493 1190 556 ille
1204 512 1236 556 se
1258 499 1287 550 22

163 579 262 640 bonus
276 583 452 659 praereptor
466 577 578 639 maiore
593 595 729 652 numero,
744 595 833 656 quam
847 576 995 638 sustinere
1010 577 1113 656 possit,
1129 598 1238 642 onera·

166 663 209 725 bit
224 672 254 725 et
268 663 389 724 nimiam
404 662 748 742 loquacitatemreoidet‚
770 670 804 723 ut
826 662 925 722 omnia
940 679 1015 740 quae
1030 669 1102 723 eunt
1116 663 1147 724 in
1163 683 1236 725 con-

165 749 316 822 troversia,
329 767 401 822 non,
413 758 447 810 ut
458 749 576 826 quidam
588 748 700 821 volunt,
713 765 789 826 quae
801 745 833 808 in
845 764 946 808 rorum
957 754 1072 822 natura,
1085 747 1236 826 dicentum

164 842 194 896 et
209 833 254 894 vel
268 833 403 911 longiore
418 834 517 912 potius
532 833 649 893 dierum
664 833 759 912 spatio
774 830 882 893 laxabit
897 831 1014 892 dicendi
1030 833 1237 896 nenessitatem

163 919 208 980 rel
228 919 366 980 materias
387 918 515 979 dividere
537 918 698 998 permittet.
727 917 890 996 Diligenter
906 917 1009 978 elloota
1023 917 1091 996 plus
1104 921 1240 998 proderit
1259 923 1287 972 ²³

165 1021 252 1082 quam
273 1005 374 1084 plures
394 1003 549 1065 inchoatae
571 1013 600 1064 et
615 1003 697 1082 quasi
712 1003 891 1082 degustatae.
922 1002 1049 1081 Propter
1063 1005 1143 1081 quod
1158 1007 1234 1066 auoi-

165 1089 215 1162 dit,
231 1098 266 1150 ut
280 1107 337 1150 neo
351 1105 406 1149 suu
421 1089 490 1150 loeo
504 1089 634 1168 quidque
649 1097 789 1168 ponatur,
811 1105 868 1148 neo
883 1086 941 1160 illa,
957 1105 1031 1164 quae
1047 1088 1141 1166 prima
1156 1099 1236 1165 sunt,

163 1182 282 1235 servent
299 1192 381 1235 suam
396 1173 501 1251 legem,
525 1173 681 1234 iuvenibus
699 1173 838 1234 flosculos
853 1172 987 1232 onniurn
1001 1174 1132 1252 partium
1145 1177 1176 1236 in
1192 1195 1236 1251 ea,

164 1276 239 1336 quae
253 1268 324 1320 suut
335 1259 452 1334 dicturi,
463 1259 709 1338 congerentihue3
725 1276 785 1336 quo
797 1259 839 1331 aa,
852 1266 885 1318 ut
896 1257 1044 1330 timentes,
1058 1277 1096 1320 no
1108 1278 1237 1340 sequen·

162 1343 202 1404 tia
217 1345 350 1424 perdant,
366 1345 465 1424 priora
480 1344 675 1406 ooulundant.

369 1789 372 1796 s
605 1716 714 1791 Crrur
741 1715 792 1792 VI.

457 1851 522 1924 DE
559 1851 945 1926 uuutuautottta.

248 2018 384 2081 Proriima
399 2020 466 2082 stilo
481 2022 673 2100 cogitatio
688 2031 744 2096 est,-
759 2040 833 2100 quae
849 2031 879 2083 et
893 2023 957 2102 ip'sa
971 2023 1048 2086 vires
1063 2024 1100 2084 alr
1116 2026 1173 2087 hoo
1188 2047 1238 2088 ac·
1260 2042 1274 2092 1

164 2104 236 2184 oipit
262 2114 291 2165 et
321 2105 400 2167 iuter
436 2104 585 2170 scribendi
612 2106 745 2168 laborem
776 2109 1066 2187 extemporalemque
1089 2111 1240 2174 fortunam

164 2191 260 2251 media
276 2191 419 2268 quaedam
438 2199 467 2252 et
482 2192 583 2252 neseio
599 2211 636 2253 an
653 2210 725 2253 usus
746 2193 989 2270 frequentissimi.
1020 2194 1093 2256 Nam
1107 2197 1239 2259 seribere

167 2294 229 2337 non
246 2275 356 2356 ubique
373 2294 429 2337 neo
445 2293 563 2355 sempor
584 2273 759 2356 qiossumus;
782 2278 954 2357 cogitationi
975 2281 1117 2358 temporis
1131 2300 1166 2342 ae
1180 2283 1238 2344 loci

164 2360 324 2438 plurimum
340 2369 406 2423 est·
423 2359 503 2421 Haeo
524 2361 627 2442 paucis
648 2363 806 2423 admodum
830 2363 911 2424 horis
926 2382 1049 2442 magnas
1064 2364 1151 2428 etiarn
1167 2386 1237 2429 oau-

164 2462 211 2504 sas
233 2446 454 2524 complectitur;
473 2446 558 2520 haec,
581 2447 719 2524 quotiens
739 2447 926 2511 intermissus
948 2456 993 2510 est
1013 2468 1144 2526 somnus,
1166 2452 1237 2532 ipsis

165 2529 262 2591 noetis
276 2530 407 2591 tenebris
422 2531 589 2607 adiuvatur3
604 2532 677 2592 haee
692 2533 771 2593 iuter
785 2533 898 2595 medios
912 2552 1012 2595 rerum
1028 2544 1111 2596 aetus
1126 2537 1238 2615 aliquid

164 2612 277 2674 invenit
298 2615 380 2675 vaoui
403 2633 459 2675 neo
481 2616 574 2676 otium
596 2616 717 2695 patitur.
758 2617 862 2696 Neque
880 2636 950 2678 vero
974 2635 1075 2679 rerum
1100 2622 1236 2683 ordinem
1258 2637 1272 2686 1

164 2747 242 2810 ίίῠω,
260 2762 294 2796 no
311 2749 408 2811 omnia,
426 2764 495 2814 quaa
511 2751 676 2814 scripserint,
762 2751 1064 2813 23.rtt-eonfunduut.
1080 2753 1134 2805 Aua
1144 2753 1238 2808 Furelrt

165 2813 286 2865 Miscent
300 2818 337 2865 et
358 2819 445 2880 verta,
471 2821 503 2866 ut
523 2819 606 2876 moris
629 2823 675 2882 ort,
726 2833 770 2869 um
789 2817 977 2884 dasFolgende
994 2837 1027 2874 zu
1041 2820 1162 2874 kommeu
1174 2823 1199 2875 d
1211 2825 1237 2876 h.

164 2881 210 2932 dio
225 2882 332 2934 dieunt:
351 2885 542 2950 quodquidam
558 2888 676 2936 manime
727 2901 755 2938 es
772 2886 843 2938 nicht
855 2890 992 2953 vortragen
1008 2905 1041 2941 zu
1053 2889 1151 2953 dorlon,
1170 2891 1239 2944 brin-

162 2954 256 3016 patrar
270 2953 397 3016 «otgunt,
416 2957 495 3018 atqua
511 2957 553 3004 ita
570 2954 675 3004 demam
726 2969 775 3020 gen
789 2955 826 3006 sie
839 2955 904 3006 auch
916 2955 942 3006 in
954 2956 1000 3009 das
1014 2956 1237 3025 Vorhergeheude,

163 3018 270 3069 studere
286 3019 385 3070 ltdoem
399 3035 470 3086 anor,
487 3023 512 3070 η’
523 3036 603 3086 quam
620 3021 675 3082 fre·
726 3037 780 3075 was
798 3023 835 3074 eie
848 3027 991 3091 vertrageq
1009 3024 1166 3094 Unorduung
1185 3029 1236 3080 und

165 3089 335 3152 quentiraime
363 3089 589 3154 decumanorum,
618 3106 674 3140 ore-
725 3090 896 3158 llorwirruug.

164 3155 240 3220 dunt,
257 3171 318 3206 oum
325 3156 466 3223 profantur
473 3160 621 3224 praecipue
632 3159 673 3210 di·
761 3163 783 3212 t.
801 3161 946 3225 cogitatio,
963 3159 1005 3211 die
1024 3159 1236 3228 samutingdes

166 3221 277 3286 ltgmtia
295 3229 405 3277 comet.
464 3247 465 3250 ¹
725 3225 954 3291 demoliendam,
982 3226 1028 3280 das
1055 3227 1234 3295 Uberdenken‚

199 3291 240 3343 22.
254 3295 390 3356 primo-
404 3293 481 3345 lateo.
498 3293 516 3359 1,
529 3297 553 3358 2,
567 3297 611 3348 ta:
629 3311 675 3346 na·
725 3294 770 3347 der
791 3296 944 3360 meditatio,
962 3295 1020 3347 dem
1041 3295 1236 3362 Durehdeultou,

166 3372 216 3422 quo
236 3365 395 3425 praereptor
419 3363 503 3412 benur
521 3365 625 3413 maiore
643 3379 674 3414 aa
725 3363 791 3416 nahe
809 3363 952 3418 verwuudt.

166 3425 253 3489 utria,
271 3441 352 3492 quam
362 3432 394 3478 ut
405 3431 535 3479 maram
546 3445 605 3480 eam
614 3445 675 3496 poe·
759 3433 1018 3550 extempl-alantque
1028 3431 1178 3497 fortunam,
1190 3432 1236 3484 das

163 3494 208 3556 sit,
225 3497 387 3546 oneraverit.
672 3521 675 3528 ⁴
725 3514 785 3550 rom
800 3500 836 3551 Zu
848 3499 883 3550 all
903 3499 1047 3567 ablingige
1061 3499 1236 3568 Extemporie·

201 3561 370 3626 longiora-
385 3566 483 3628 spatio,
500 3564 602 3615 bezieht
618 3565 673 3617 sich
725 3582 778 3630 reu,
795 3566 848 3632 vgl.
861 3569 876 3632 ξ
888 3571 912 3621 5.
926 3570 950 3621 6.
964 3571 987 3632 l,
1002 3571 1041 3622 ta.

165 3628 210 3681 aui
221 3630 381 3681 romeam
391 3630 515 3682 olearium
526 3635 609 3683 nertio
621 3633 673 3683 dte
758 3637 849 3685 nario
866 3652 901 3686 aa
920 3651 940 3688 e.
961 3641 982 3700 1,
1001 3640 1042 3691 65.

166 3699 214 3749 dra
230 3698 427 3749 audiendarum
444 3698 470 3750 in
487 3701 504 3764 ξ
523 3702 564 3752 ll.
759 3701 1051 3769 mmfrequentrara'mi,
1066 3699 1137 3757 ‘sehr
1150 3704 1238 3772 ltiufig

178 3789 181 3803 ·
196 3769 327 3818 materias
338 3767 464 3831 diuidere,
482 3766 551 3820 kann
563 3783 612 3820 nur
624 3783 675 3822 rou
726 3765 919 3824 auzuweuden'.

167 3829 674 3902 derVerteilungdesStolfesaulmeli-
738 3853 851 3890 :rorum
877 3845 965 3906 nonu,
995 3841 1158 3907 gewohnlioli
1184 3858 1237 3896 von

164 3913 220 3952 rere
236 3901 306 3970 Tage
324 3904 478 3958 rerotandon
496 3905 607 3960 werden.
727 3906 1236 3978 goriehtlielrenGeselriltengeoagt,vgl.
