2918 4564
527 257 635 314 capua
652 258 690 312 m.
710 261 726 326 a
747 263 854 314 arnas.
1178 257 1218 320 hu

147 433 299 495 actionum
314 433 450 513 partibus
464 431 653 494 insenescatf
668 432 745 493 Sunt
756 439 856 494 autom
869 431 976 510 quibus
992 433 1065 496 nihil
1079 435 1117 497 sit
1127 437 1216 513 'satis;

148 520 246 579 omnia
261 525 384 592 mutare,
400 519 500 580 omnia
514 517 598 579 aliter
619 518 718 578 dicere
734 535 823 595 quarn
843 517 977 578 occurrit
988 517 1096 595 relint;
1116 521 1218 584 incre-

147 603 208 664 duli
228 603 347 682 quidam
368 613 398 664 et
419 603 455 664 de
476 603 673 681 ingeniosae
695 601 949 690 pessime-meriti,
972 602 1023 680 qui
1038 603 1218 683 diligentiam

146 696 254 767 putant
268 681 365 750 facere
380 687 436 750 sihi
452 686 601 750 scribendi
613 687 825 749 difficultatem.
855 687 916 748 Nee
928 695 1100 767 promptum
1115 698 1160 752 ast
1174 693 1218 754 di·
1241 699 1270 750 la

12 768 15 784 ”
89 823 90 828 ,
148 791 225 854 cere,
241 783 324 834 utros
339 791 462 852 peccare
476 773 599 834 validius
615 763 725 852 numm,
742 772 850 851 quihus
865 772 965 834 omnia
979 791 1032 834 sua
1047 774 1166 852 placent
1179 795 1217 838 an

148 857 256 936 quihus
271 858 353 920 nihil.
381 858 497 920 Accidit
518 857 597 918 enim
618 858 707 919 etiam
727 857 892 935 ingeniosis
905 857 1144 922 adulescentibus
1158 861 1219 922 fre-

147 953 283 1022 quenter,
305 952 339 1004 nt
358 944 460 1005 labore
482 952 696 1006 consumantur
716 950 746 1003 et
766 943 798 1003 in
814 941 970 1004 silentium
986 961 1079 1022 usque
1093 945 1218 1008 descen-

147 1028 323 1093 dantnimia
340 1027 416 1090 beno
431 1028 548 1089 dicendi
563 1027 729 1108 cupiditate.
761 1027 824 1098 Qua
845 1027 881 1088 de
897 1045 931 1088 re
945 1028 1067 1090 memini
1082 1048 1218 1094 narrasse

146 1113 218 1174 mihi
240 1114 347 1176 lulium
371 1114 541 1175 Secundum
562 1113 652 1188 illurn,
674 1111 826 1192 aequalem
847 1131 945 1174 meum
966 1121 1054 1191 atque
1074 1132 1091 1174 a
1111 1134 1167 1188 me,
1182 1123 1217 1177 ut

147 1207 252 1260 notum
267 1207 320 1272 est,
335 1198 516 1260 familiariter
531 1206 667 1272 amatum,
690 1197 781 1259 mirae
795 1197 949 1258 facundiae
965 1197 1068 1270 tirmn,
1083 1199 1216 1262 infinitae

146 1292 243 1345 tamen
267 1301 365 1355 curae,
388 1284 458 1362 quid
473 1291 550 1344 esset
564 1283 651 1344 sihia
665 1291 771 1363 patruo
794 1301 849 1343 sno
865 1282 983 1343 dictum.
1009 1281 1042 1350 ls
1056 1283 1112 1344 fuit
1126 1285 1219 1348 lulius
1241 1293 1269 1344 13

147 1369 260 1443 Florus,
282 1369 312 1428 in
335 1367 503 1448 eloquentia
525 1367 692 1441 Galliarum,
714 1366 855 1446 quoniam
876 1366 917 1427 ibi
942 1367 1062 1429 demum
1086 1371 1219 1431 exercuit

147 1472 218 1527 eam,
234 1453 383 1533 princeps,
406 1453 516 1531 alioqui
538 1453 617 1514 inter
638 1470 749 1532 paucos
770 1451 897 1513 disertus
916 1459 948 1512 et
962 1452 1069 1531 dignus
1084 1454 1132 1516 illa
1148 1473 1218 1535 pro·

146 1539 322 1618 pinqnitate.
350 1537 379 1599 hs
394 1557 463 1600 cnm
477 1537 658 1612 Secundum,
674 1535 791 1599 scholae
806 1537 901 1598 adhuc
916 1545 1080 1616 operatum,
1104 1540 1219 1604 tristem

146 1624 223 1684 forte
246 1623 379 1703 vidisset,
407 1622 613 1701 interrogavit,
639 1641 715 1700 quae
736 1639 824 1682 causa
844 1621 952 1683 frontis
973 1632 1032 1684 tam
1053 1623 1218 1688 adductae?
1248 1685 1250 1688 .

146 1708 207 1768 Nec
223 1707 414 1770 dissimulanti
428 1707 611 1781 adulescens,
632 1706 753 1768 tertium
772 1707 831 1768 iam
852 1706 930 1768 diem
945 1726 1017 1783 esse,
1040 1710 1119 1788 quod
1136 1710 1219 1772 omni
1240 1717 1269 1770 lt

146 1791 247 1853 labora
269 1793 408 1853 materiae
429 1793 465 1854 ad
487 1791 679 1854 scribendum
699 1791 860 1853 destinatae
883 1811 944 1854 non
969 1793 1117 1855 inveniret
1131 1813 1217 1856 exor-

147 1877 243 1952 dium;
260 1877 391 1956 quesibi
407 1887 468 1938 non
484 1883 762 1956 praesensionum
780 1876 866 1937 dolor
880 1878 930 1939 sed
947 1877 1035 1938 etiam
1049 1878 1217 1958 desperatio

147 1963 177 2023 in
193 1971 346 2041 posterum
361 1964 455 2024 fieret.
496 1963 572 2023 Tum
586 1961 692 2023 Florus
712 1961 858 2035 adridens,
882 1961 1088 2039 Numquidtn,
1108 1964 1214 2043 inquit,
1252 2021 1256 2028 .

91 2044 93 2050 '
145 2047 251 2108 melius
270 2048 424 2110 dicereris
445 2051 532 2126 quam
547 2045 722 2127 poteslxlta
738 2066 770 2108 se
789 2064 837 2106 res
851 2044 948 2106 hahet.
979 2046 1149 2110 Curandum
1164 2057 1217 2123 esf,
1240 2057 1269 2108 lo

144 2140 284 2212 utquam
305 2132 416 2211 optime
437 2133 581 2207 dicamus;
607 2131 766 2193 dicendum
786 2139 884 2192 tamma
908 2148 963 2210 pro
985 2131 1130 2194 facultate.
1171 2135 1215 2196 hd

145 2219 311 2296 profectum
327 2217 407 2278 enim
422 2237 498 2300 opus
518 2226 563 2278 est
577 2216 673 2278 studio
696 2235 757 2279 non
773 2213 986 2296 indignatione.
1017 2216 1055 2278 Ut
1068 2219 1216 2296 possimus

144 2312 243 2365 autem
273 2303 404 2364 scrihere
435 2303 522 2364 etiam
552 2302 637 2381 plura
670 2301 808 2376 celerius,
839 2320 900 2362 non
933 2302 1101 2364 exercitatio
1127 2305 1215 2367 modo

145 2389 314 2466 praestabit,
329 2388 360 2449 in
377 2388 513 2467 quasine
528 2387 618 2449 dubio
630 2387 755 2449 multum
768 2394 821 2459 est,
837 2387 889 2448 sed
904 2385 992 2447 etiam
1006 2387 1096 2464 rati0;
1112 2389 1137 2451 si
1152 2409 1215 2452 non

156 2521 158 2528 ’
179 2500 269 2554 omnia
280 2505 414 2568 —aelint
427 2519 485 2556 man
498 2503 604 2555 beachfe
614 2503 655 2555 die
740 2502 908 2567 elidentem,
926 2516 943 2551 v
962 2501 979 2552 l.
998 2503 1021 2566 2,
1040 2505 1063 2555 8.

146 2569 352 2636 Nachlissigheit
375 2572 402 2623 in
426 2571 470 2624 der
488 2570 657 2637 Satzhildung
740 2573 813 2621 inter·
827 2583 936 2635 pancos,
964 2567 1013 2620 wie
1032 2567 1153 2638 menige,
1172 2588 1218 2626 zur

146 2636 226 2690 durch
250 2637 400 2704 Weglassen
428 2638 473 2692 des
497 2638 656 2704 Relativpro·
707 2637 907 2702 llervorhehung
942 2636 1013 2688 einer
1042 2637 1215 2706 Eigensehaft,

146 2721 261 2769 nomene,
280 2704 466 2772 s.1tinteitung
485 2705 510 2757 S.
532 2708 570 2758 13.
706 2705 806 2757 scheint
834 2719 881 2756 nur
898 2703 943 2756 der
960 2705 1216 2761 nachciceronischen

182 2777 222 2827 12,
239 2776 348 2825 momina·
364 2789 497 2825 cannam.
531 2771 581 2824 ller
597 2772 656 2826 lnti·
706 2773 827 2826 Latinitit
856 2772 1051 2839 eigentdmlich=
1081 2775 1133 2841 agl.
1164 2775 1217 2829 hiv.

146 2841 209 2894 nitiv
228 2841 272 2893 des
284 2841 394 2894 Prasens
412 2857 457 2894 aur
473 2840 655 2907 Bezeichnnng
706 2839 789 2903 11111
809 2842 880 2892 inter
895 2855 997 2906 pancas
1007 2847 1154 2895 memorata
1167 2859 1217 2909 po·

146 2927 197 2962 von
210 2908 372 2962 Thatsachen
384 2910 429 2962 der
442 2909 654 2976 Vergangenheit
702 2910 764 2974 puli
774 2907 890 2960 Romam
898 2909 996 2970 cladem
1007 2909 1102 2962 ehenso
1111 2915 1141 2962 in
1149 2928 1217 2979 porc·

146 2978 186 3030 dia
199 2993 258 3030 man
271 2978 491 3030 selbstmiterleht
503 2976 655 3030 unddurch-
706 2980 744 3027 cia
763 2976 831 3030 Cart.
850 2974 893 3040 tt,
911 2979 935 3041 8,
954 2980 977 3030 t.
997 2976 1037 3042 vt,
1056 2981 1081 3044 8,
1099 2983 1123 3032 2.
1229 2999 1235 3005 ·

145 3047 264 3112 gemacht
282 3047 334 3111 hat,
353 3045 433 3098 findet
445 3046 500 3098 sich
514 3046 555 3098 bei
569 3045 654 3106 Quint.
739 3044 787 3098 illc
816 3047 1034 3110 propinquitate,
1064 3047 1216 3102 bezeichnet

146 3115 224 3166 nicht.
707 3113 776 3167 wohl
801 3111 842 3164 die
870 3113 986 3164 intimere
1011 3113 1160 3182 Beziehung
1183 3133 1215 3170 an

178 3182 279 3234 lotium
297 3182 466 3248 Secundum,
482 3182 534 3248 agl.
556 3185 577 3245 f,
599 3184 654 3234 120.
707 3180 756 3234 den
773 3179 914 3246 gallischen
936 3179 1064 3236 Rednern.

181 3253 220 3304 ta.
233 3251 437 3316 IudnaFlorus,
455 3251 586 3303 vielleicht
599 3249 654 3302 der·
740 3252 892 3314 operatum,
920 3249 962 3300 ein
988 3250 1129 3314 gewihlter
1150 3249 1216 3304 Ans·

145 3317 232 3380 selba,
255 3333 287 3368 an
313 3318 428 3370 walchen
452 3317 533 3370 lloraa
556 3317 605 3371 den
630 3321 652 3370 3.
706 3315 793 3381 druch,
806 3314 945 3369 besonders
957 3316 1000 3368 hei
1012 3317 1123 3384 heiligen
1132 3317 1216 3372 Hand·

145 3383 217 3436 BrIef
224 3383 269 3437 des
282 3385 413 3438 l.Buches
425 3386 592 3452 geschrieben
603 3386 654 3437 hat.
705 3385 801 3450 langen
818 3383 1007 3451 gebrauchlich,
1025 3386 1077 3452 agl.
1097 3391 1121 3452 5,
1142 3390 1180 3439 11.

179 3455 209 3503 in
227 3452 385 3518 eloquentia,
404 3453 475 3505 nicht
492 3454 551 3505 sehr
567 3453 654 3506 dhlich
742 3455 781 3505 14.
800 3453 872 3517 quod
887 3481 921 3490 —
938 3455 1079 3520 inueniret,
1100 3459 1164 3507 stati
1182 3471 1219 3506 ecc

144 3524 208 3573 statt
226 3519 271 3572 des
288 3519 412 3572 Genitivs.
706 3535 773 3585 qao,
791 3520 841 3572 wie
861 3520 907 3572 wir
925 3520 989 3574 auch
1008 3535 1086 3588 sagen
1104 3517 1170 3575 ‘dafs
1188 3538 1216 3575 er

182 3587 339 3640 Galliarum.
359 3588 387 3640 ln
399 3587 498 3641 Gallien
509 3589 599 3641 hldhte
611 3603 659 3641 aur
706 3587 777 3640 nicht
794 3585 881 3640 finden
899 3583 1000 3641 klinne’.

146 3656 286 3710 Kaiseraeit
298 3655 339 3708 die
352 3656 512 3718 Redekunst3
531 3656 588 3708 dart
600 3671 656 3708 ver·
741 3657 814 3707 omni
825 3656 923 3721 labore,
932 3648 990 3708 ‘hei‘
1002 3656 1063 3708 oder
1071 3651 1146 3710 ‘treta
1153 3656 1216 3710 aller

145 3725 281 3779 anstaltefe
308 3739 340 3777 au
366 3724 516 3792 Lugdunum
540 3724 654 3790 Caligula
706 3717 800 3776 hfrihc'.
877 3769 879 3774 ,

146 3792 220 3844 einen
240 3791 401 3860 Wetthanapf
417 3794 461 3846 der
477 3792 654 3860 griechischen
744 3795 782 3844 15.
800 3793 830 3842 in
846 3805 899 3856 quc
911 3819 945 3830 -
956 3791 1070 3843 multum
1082 3797 1125 3858 eat,
1142 3788 1216 3846 ‘wel-

146 3859 653 3915 undlateinischenBeredsarokeit.Snef.
706 3859 754 3910 che
771 3858 938 3938 ron‘grofser
955 3858 1105 3981 Bedeutnnffi
1123 3855 1173 3916 ist'.

146 3925 198 3978 Gal.
217 3931 257 3982 20,
738 3930 820 3992 ratio,
838 3926 1070 3996 diefrerndnftige)
1105 3927 1218 3986 ethode’.
1327 3955 1329 3962 ,

197 4021 291 4071 oanan
301 4021 358 4066 tna.
367 4003 479 4066 fraena.
489 4023 514 4065 n
529 4020 613 4064 aum.
997 4016 1011 4066 5
