2918 4564
238 231 282 294 ec
610 231 718 285 curun
736 231 776 287 111.
791 233 807 298 r
828 233 935 286 rea-'rc

240 408 373 490 resupini
388 415 615 488 spectantesque
629 413 740 468 tectum
761 413 793 466 et
807 405 1016 486 cogitationem
1031 422 1184 467 murmure
1199 404 1314 485 agitan-

240 503 284 558 tes
304 492 568 574 expectaverimus,
595 491 667 571 quid
689 489 840 566 ebremou
865 491 914 552 sed
939 489 1010 568 quid
1030 507 1079 551 res
1097 498 1213 568 poscat,
1241 490 1310 569 quid

241 589 399 660 persentiant¹
414 578 525 652 decent.
541 576 621 656 quod
632 576 669 638 sit
680 583 806 655 tempus,
823 575 874 654 qui
884 574 990 636 iudicis
1001 575 1125 648 animus,
1141 574 1241 635 intuiti
1255 575 1311 634 hu'·

241 681 329 726 manu
344 663 470 742 quodam
490 663 579 726 modo
600 662 636 722 ad
656 660 847 722 scribendum
867 659 1086 721 accesserimus.
1112 659 1165 738 ¹Sic
1180 659 1268 724 nobis
1283 668 1315 720 et

190 761 218 812 16
240 749 323 811 initia
338 757 368 810 et
383 765 458 827 qnae
473 755 617 808 secuntur
633 755 737 808 natura
752 746 816 824 ipsa
831 744 1014 824 praescrihit.
1046 745 1131 806 Certa
1146 755 1217 805 sunt
1232 744 1311 806 enirn

243 835 382 914 pleraque
398 843 435 907 et,
459 832 515 894 nisi
530 832 727 904 coniveamus,
749 830 782 891 irc
798 830 899 891 cordos
913 829 1087 904 incurrunt;
1112 829 1239 908 ideoque
1256 847 1312 892 nec

241 918 353 981 indocti
368 937 424 978 nec
438 917 541 979 rustici
557 917 607 978 diu
622 923 779 996 quaeruut.
795 916 874 976 unde
889 914 1048 994 incipiant3
1065 933 1123 994 quc
1138 915 1312 994 pudendum

242 1012 286 1066 est
299 1003 402 1081 magis,
417 1002 440 1064 si
456 1003 657 1064 difficultatem
674 1001 744 1063 lacit
758 1001 901 1061 doctrirm
931 1000 999 1060 Non
1011 1017 1083 1079 ergo
1093 1017 1209 1079 semper
1222 1007 1311 1080 pute·

241 1102 307 1150 mus
322 1088 466 1167 optimum
482 1105 546 1149 esse
562 1088 641 1166 qnod
655 1087 740 1161 letet;
755 1085 988 1152 immutescamus
1004 1085 1123 1163 alioqui,
1138 1085 1162 1146 si
1178 1085 1252 1145 nihil
1266 1085 1310 1145 di·

192 1183 220 1234 17
241 1175 369 1236 cendum
390 1173 521 1234 videatur
543 1172 599 1234 nisi
622 1171 701 1250 quod
723 1189 785 1231 uon
806 1170 983 1232 invenimus.
1013 1169 1168 1232 Diversum
1183 1178 1228 1231 est
1241 1170 1311 1230 huic

242 1272 346 1320 eorum
368 1258 485 1332 vitium.
506 1257 556 1336 qui
578 1257 674 1337 primo
694 1255 853 1318 decurrere
878 1273 933 1335 per
957 1255 1109 1317 materiem
1135 1254 1201 1316 stilo
1223 1266 1314 1334 qaam

243 1343 425 1405 velocissimo
441 1343 544 1404 roluut
559 1351 588 1404 ct
603 1349 762 1420 sequentes
778 1341 905 1402 calorem
925 1351 1013 1420 atqne
1028 1340 1171 1422 impeturn
1187 1359 1221 1400 ex
1237 1348 1312 1401 lem·

244 1447 315 1510 pore
331 1428 481 1502 serihuot3
502 1429 580 1490 hane
594 1427 694 1488 sileam
709 1434 823 1488 rceeut.
858 1425 1011 1505 Repetunt
1023 1425 1131 1488 deinde
1145 1432 1175 1485 et
1190 1444 1314 1506 compo·

243 1522 320 1575 nunt
334 1532 410 1592 quac
424 1513 605 1589 effuderant;
626 1512 687 1574 sed.
700 1511 789 1572 uerba
804 1512 999 1572 emendamur
1014 1519 1045 1571 et
1065 1511 1191 1582 numeri,
1213 1519 1317 1572 menet

192 1609 220 1660 18
242 1600 273 1660 in
288 1599 379 1660 nehus
394 1607 505 1660 temere
521 1598 671 1676 congestis
685 1615 763 1676 quae
776 1596 832 1658 luit
846 1596 954 1658 levitas.
987 1595 1126 1656 Protinus
1141 1613 1213 1674 ergo
1228 1596 1312 1656 adhi-

242 1684 315 1744 bere
329 1701 430 1746 curam
446 1683 554 1744 rectius
570 1683 626 1743 erit
646 1691 734 1761 atque
756 1680 791 1742 ab
812 1681 896 1742 icitic
912 1681 955 1742 sie
973 1698 1050 1760 opus
1064 1682 1182 1753 ducere,
1198 1690 1232 1742 ut
1246 1699 1312 1742 cae·

243 1769 363 1830 landum
375 1787 436 1828 non
449 1785 484 1828 ex
495 1768 612 1846 integro
624 1767 829 1827 fabricandum
843 1766 890 1827 sit.
921 1765 1085 1844 Aliquando
1101 1775 1198 1826 umen
1215 1767 1315 1827 antec·

242 1862 290 1915 tus
305 1870 472 1932 sequemur,
489 1853 518 1913 iu
535 1852 643 1932 quihus
659 1853 720 1913 lere
735 1851 803 1930 plus
817 1851 898 1911 calor
912 1869 1000 1929 quam
1014 1850 1164 1930 diligentia
1178 1851 1262 1912 velet.

192 1947 219 1998 19
274 1945 277 1948 '
327 1939 403 2000 Satis
418 1946 539 2018 apparet
560 1955 598 2014 eq
616 1957 661 2013 eo,
683 1938 762 2016 quod
782 1935 859 1997 uene
880 1935 1074 1997 scribentium
1096 1937 1315 2016 neglegentium

242 2024 359 2098 munna
380 2023 450 2102 quid
471 2025 507 2084 dc
529 2023 586 2084 illis
607 2021 779 2084 dictandi
801 2021 913 2082 deliciis
933 2021 1066 2082 sentiam.
1096 2021 1170 2082 Nam
1190 2021 1221 2081 in
1245 2020 1311 2082 stilo

191 2110 193 2114 ’
243 2109 362 2188 quidem
378 2107 538 2187 quemlibet
553 2116 712 2187 properato
730 2107 779 2166 dat
792 2106 918 2185 aliquam
935 2105 1105 2184 cogitationi
1121 2124 1234 2166 moram
1250 2123 1312 2168 uon

243 2211 431 2271 consequeus
446 2193 626 2254 celeritatem
641 2193 706 2255 eius
716 2209 839 2266 manum
855 2191 904 2252 ille
916 2192 963 2252 cui
975 2191 1118 2252 dictamus
1127 2199 1214 2270 urget
1225 2199 1316 2269 etque

243 2278 362 2340 interim
378 2277 469 2356 pudet
484 2278 571 2338 etiam
586 2277 720 2338 dubitare
734 2285 784 2338 aut
798 2276 936 2337 resistere
949 2283 1002 2336 aut
1012 2284 1127 2336 mutare
1143 2277 1225 2355 quasi
1240 2295 1312 2337 con·

51 2373 53 2376 ·
165 2371 220 2432 120
242 2363 335 2424 scium
359 2362 539 2424 infiuuitatis
561 2371 679 2423 nestrae
700 2363 846 2424 timentes.
877 2359 943 2431 Qun
959 2362 1000 2432 fir,
1023 2370 1131 2421 utnon
1148 2360 1231 2422 rudia
1246 2371 1312 2421 tan-

243 2457 304 2508 lum
327 2455 356 2508 et
376 2447 495 2526 fortuita
518 2448 571 2508 sed
591 2447 743 2527 inproprie
765 2445 893 2519 iuterim,
917 2446 985 2508 dum
1002 2445 1064 2508 sola
1078 2453 1123 2508 est
1137 2445 1312 2509 conectendi

242 2533 388 2596 sermonis
408 2533 561 2612 cupiditas,
588 2533 719 2606 effluant,
745 2548 820 2611 quae
843 2549 898 2592 neo
920 2529 1113 2593 scribentium
1135 2549 1235 2592 curam
1257 2549 1316 2592 occ

242 2617 402 2679 dicentium
424 2617 567 2697 impetum
589 2626 821 2696 consequantur.
852 2616 888 2676 At
902 2615 986 2676 idem
1008 2615 1067 2688 ille,
1087 2616 1137 2694 qui
1154 2615 1270 2695 exeipit,
1287 2616 1313 2677 si

275 2753 300 2802 et
316 2767 371 2802 nort
388 2779 422 2788 —
439 2753 586 2816 agitantes,
605 2751 684 2803 karse
701 2750 753 2802 nnd
837 2749 918 2812 ulcu,
937 2749 971 2800 ist
989 2749 1052 2800 uach
1070 2749 1128 2800 dem
1147 2749 1187 2800 bei
1207 2747 1258 2800 den
1269 2748 1317 2800 la·

243 2818 422 2872 anschenliche
452 2817 634 2885 Sohilderung‚
669 2816 753 2870 woldr
778 2817 901 2882 ⁸teinem
936 2817 1055 2868 tibliehen
1091 2815 1231 2868 Verlehreu
1271 2816 1316 2868 die·

243 2887 290 2938 wir
308 2886 427 2953 arrigens
450 2886 516 2938 noch
534 2888 641 2938 manche
659 2887 751 2939 endere
802 2883 979 2950 Ubersetrung
1003 2884 1047 2936 der
1064 2885 1111 2936 mit
1129 2884 1186 2936 darn
1205 2885 1316 2950 griechi-

242 2952 367 3038 treffende
382 2953 538 3036 dusdrdcke'
550 2953 640 3006 haben.
802 2954 881 3005 schen
893 2951 982 3006 Wcrte
994 2952 1156 3036 gergdhnllplr
1170 2952 1314 3004 verbunde-

243 3019 753 3168 ..tererestereres
801 3017 1317 3154 {etintendit‘tutti

242 3156 437 3280 qep,ddprsrch
454 3157 480 3209 in
492 3158 623 3224 liegender
635 3156 753 3224 Stellunq
803 3155 903 3276 Begqiff
925 3161 977 3208 eret
998 3157 1024 3208 in
1047 3157 1115 3208 silea
1138 3157 1312 3223 lineiugelegt

260 3237 344 3278 ene
803 3239 859 3275 wur
877 3239 899 3277 e.

278 3297 317 3347 lt:
335 3297 550 3360 innotescamus,
567 3292 752 3345 einsehrselt-
840 3294 877 3344 18.
896 3307 962 3357 opur
979 3292 1083 3356 werre,
1101 3293 1142 3343 eiu
1161 3290 1240 3344 Werk
1258 3293 1314 3344 auf·
1376 3291 1378 3300 ’

243 3376 286 3414 ner
303 3361 437 3414 Ausdruelr
460 3366 524 3414 statt
545 3361 592 3413 des
614 3364 688 3414 scusi
704 3361 750 3414 ab·
801 3359 910 3412 uelamen
928 3359 981 3411 und
998 3359 1147 3412 lortidlrrec.

242 3429 326 3482 lichen
345 3432 529 3482 obmutescere.
836 3431 864 3480 in
883 3430 979 3494 quidus
996 3455 1031 3468 -
1047 3429 1131 3492 calet,
1150 3427 1192 3480 die
1212 3427 1315 3479 Wirme

276 3499 388 3564 alloqui,
404 3498 431 3550 in
452 3498 496 3550 der
514 3497 660 3563 Ilclgerunp
679 3498 750 3549 eines
801 3496 945 3562 dherwiegt
963 3495 1010 3548 deu
1026 3495 1313 3563 etwcigendlangelcu

242 3565 492 3619 Konditionalsatzes
508 3565 589 3618 dltcrs
607 3565 648 3618 bei
663 3564 750 3626 Quint.
803 3564 973 3617 Kcrrclrtheit.

241 3634 294 3700 egl.
313 3636 329 3701 ᾗ
348 3637 388 3686 30.
618 3661 619 3668 .
838 3635 878 3685 19.
896 3633 1019 3698 totietas,
1037 3633 1188 3685 bezeichuet
1204 3631 1246 3684 die
1268 3631 1312 3682 be·

278 3705 316 3754 ll.
327 3704 469 3753 Diversum
477 3731 510 3740 —
521 3704 591 3753 uuio.
609 3701 654 3753 Bel
665 3699 751 3762 Quint.
803 3701 911 3753 sordere
923 3701 1043 3767 Neiganq-
1059 3717 1089 3754 rc
1103 3706 1185 3753 etwas
1197 3699 1247 3752 ond
1266 3699 1318 3750 dns-

242 3769 293 3820 und
312 3770 360 3821 den
374 3769 497 3837 Spitereu
510 3771 544 3822 ist
561 3770 605 3823 der
617 3769 692 3821 Datin
709 3769 751 3820 bei
802 3767 1004 3836 Wohlgeiallen,
1041 3769 1154 3822 welches
1187 3783 1244 3820 rnen
1280 3782 1312 3818 au

241 3836 361 3888 dicerene
376 3837 584 3903 vorhenschend
604 3839 645 3890 bei
663 3838 750 3890 Cicero
804 3839 886 3890 ciuem
903 3837 1084 3903 Geqeustaude
1101 3837 1153 3888 lmt.

241 3905 282 3955 ab.
838 3907 877 3957 20.
890 3908 914 3955 st
926 3905 1032 3955 tardior
1042 3909 1098 4002 ml.
1109 3904 1262 3960 bezeichnet
1271 3902 1317 3954 die
