2918 4564
237 282 279 346 84
600 284 707 339 meur
725 283 776 340 vu.
795 287 811 352 e
832 288 937 339 tc-or.

237 460 328 522 videri
343 468 449 539 potest,
471 460 559 539 quod,
582 477 649 520 cum
664 458 749 521 stilus
762 466 877 520 secreto
892 458 1016 538 gaudeat
1031 469 1119 537 atque
1141 477 1245 520 omnes
1259 477 1307 519 ar·

238 545 332 607 bitros
353 544 537 619 reformidet,
561 542 767 626 extemporalis
786 543 863 604 actio
886 543 1053 604 auditorum
1076 543 1252 622 frequentia,
1275 554 1309 605 ut

182 640 215 691 17
237 630 320 691 miles
335 637 479 707 congestu
493 629 657 707 signorum,
672 629 827 689 excitatur.
858 628 990 707 Namque
1006 638 1035 689 et
1046 629 1239 690 difficiliorem
1256 647 1307 690 co·

238 714 411 794 gitationem
432 713 570 794 exprimit
589 722 619 774 ct
641 713 760 793 expellit
779 712 896 774 dicendi
919 713 1086 786 necessitas,
1114 721 1143 774 et
1160 714 1309 776 secundos

125 821 126 828 ¹
238 799 365 879 impetus
387 809 474 877 auget
497 797 633 878 placendi
655 798 773 877 cupido.
802 797 883 858 Adeo
905 798 1034 877 pretium
1049 798 1148 859 omnia
1162 807 1307 878 spectant,

238 895 271 945 ut
285 883 454 963 eloquentia
470 902 599 962 quoque,
615 901 794 962 quamquam
815 882 975 961 plurimum
989 882 1094 944 habeat
1109 883 1140 944 in
1156 901 1188 944 se
1202 884 1307 962 volup·

238 968 314 1044 tatis,
330 968 455 1031 maxime
470 978 569 1029 tamen
591 967 742 1047 praesenti
764 968 862 1028 fructu
883 967 976 1029 laudis
990 967 1200 1047 opinionisque
1216 969 1308 1029 duca-

186 1063 216 1116 te
237 1062 294 1116 tur.
324 1053 385 1115 Nec
400 1053 555 1132 quisquam
577 1062 693 1114 tantum
714 1051 784 1112 fidat
803 1052 934 1132 ingenio,
956 1062 989 1114 ut
1003 1053 1031 1113 id
1048 1052 1104 1114 sibi
1118 1062 1216 1132 speret
1230 1053 1307 1115 inci-

238 1137 332 1218 pienti
353 1138 450 1200 statim
473 1157 561 1218 posse
577 1137 766 1216 contingere;
787 1138 838 1199 sed
859 1137 937 1199 sicut
951 1137 982 1198 in
999 1137 1177 1216 cogitatione
1191 1137 1308 1216 praeci-

238 1221 345 1302 pimus,
353 1223 567 1284 itaiacilitatem
576 1241 695 1302 quoque
703 1222 1156 1302 extemporalemaparvisinitiis
1167 1222 1307 1302 paulatim

237 1309 435 1387 perducemus
448 1307 484 1369 ad
499 1326 652 1381 summam,
668 1326 743 1386 quae
759 1325 857 1385 neque
869 1307 971 1386 perlici
984 1325 1080 1387 neque
1092 1307 1239 1369 contineri
1250 1307 1307 1368 nisi

186 1402 216 1452 19
239 1411 294 1454 usu
311 1402 417 1472 potest.
448 1392 586 1454 Ceterum
599 1392 757 1472 pervenire
773 1411 808 1453 eo
824 1391 919 1464 debet,
935 1400 968 1453 ut
979 1392 1118 1472 cogitatio
1130 1411 1192 1453 non
1205 1393 1310 1471 utiquc

238 1477 344 1540 melior
358 1478 396 1540 sit
410 1496 444 1539 ea
458 1478 510 1540 sed
527 1478 633 1551 tutior;
649 1495 718 1539 cum
731 1477 808 1538 banc
823 1477 990 1540 facilitatem
1003 1496 1064 1539 noo
1077 1477 1107 1539 in
1120 1495 1209 1556 prosa
1220 1478 1308 1538 modo

238 1563 322 1624 multi
338 1562 398 1624 sint
413 1563 565 1624 consecuti
579 1563 630 1624 sed
645 1562 733 1623 etiam
751 1561 781 1624 in
793 1562 933 1636 carmine,
950 1572 983 1624 ut
999 1561 1153 1644 Antipater
1170 1561 1312 1623 Sidonius

239 1656 268 1708 et
284 1647 414 1709 Licinius
429 1647 567 1723 Archiam
583 1646 764 1708 credendum
780 1647 859 1708 enim
873 1646 1009 1708 Ciceroni
1024 1657 1076 1721 est,
1092 1665 1154 1708 non
1170 1647 1238 1725 quia
1254 1665 1309 1707 no-

238 1731 307 1794 stris
330 1750 449 1811 quoque
470 1731 654 1811 temporibus
675 1750 737 1791 non
754 1739 784 1792 ct
803 1732 929 1793 iecerint
944 1731 1061 1811 quidam
1075 1732 1134 1792 hoc
1149 1741 1178 1792 et
1192 1732 1312 1792 faciant.

239 1815 325 1886 Quod
341 1824 438 1879 tamen
463 1836 525 1878 non
548 1815 646 1895 ipsum
666 1825 725 1877 tam
746 1815 898 1898 probabile
913 1826 985 1896 puto
1000 1819 1111 1895 (neque
1127 1817 1207 1878 enim
1220 1816 1310 1878 habet

237 1910 288 1962 aut
301 1920 389 1963 usum
404 1920 452 1963 res
466 1912 518 1962 aut
532 1901 749 1976 necessitatem)
771 1918 859 1979 quam
874 1900 1064 1964 exhortandis
1077 1903 1108 1962 in
1123 1902 1201 1962 hano
1216 1919 1309 1980 spem,

188 1997 218 2049 lu
239 1985 291 2064 qui
304 1986 370 2048 loro
385 1997 609 2067 praeparantur,
624 1986 696 2048 utile
711 1985 887 2066 exemplum.
916 1985 1020 2065 Neque
1034 2005 1104 2048 vero
1120 1995 1231 2048 tantam
1245 2005 1311 2048 esse

239 2089 379 2151 umquam
394 2071 529 2133 fiduciam
545 2071 692 2133 facilitatis
711 2070 807 2144 velim,
830 2079 863 2131 ut
886 2090 947 2132 non
963 2071 1052 2132 breve
1067 2071 1169 2133 saltem
1183 2079 1310 2151 tempuS,

239 2155 319 2234 quod
334 2174 480 2236 nonquam
495 2157 557 2218 tere
572 2156 674 2230 deerit,
698 2156 734 2216 ad
750 2174 784 2217 aa
799 2174 875 2234 quac
890 2156 997 2218 dicturi
1012 2175 1114 2218 sumus
1129 2155 1311 2236 dispicienda

239 2258 404 2302 sumamus:
422 2240 501 2320 quod
518 2240 636 2321 quidem
652 2240 683 2301 in
700 2240 815 2301 iudiciis
829 2259 864 2301 ac
876 2241 942 2302 loro
956 2241 1040 2302 datur
1052 2259 1179 2320 semper.
1208 2241 1312 2320 Neque

187 2335 217 2386 at
238 2325 319 2386 enim
334 2325 490 2404 quisquam
505 2333 558 2400 cst,
580 2326 632 2403 qui
646 2343 773 2399 causam,
797 2343 883 2402 quam
909 2344 969 2385 non
991 2325 1134 2398 didicerit,
1149 2335 1224 2407 agat.
1253 2327 1311 2387 ue-

240 2408 415 2471 clamatores
430 2410 572 2489 quosdam
587 2427 725 2490 perversa
747 2408 828 2471 ducit
849 2409 979 2483 ambitio,
996 2419 1028 2472 ut
1043 2411 1174 2490 exposita
1190 2420 1313 2472 contro·

233 2494 333 2580 ¹versia
347 2495 484 2574 protinus
499 2495 597 2556 dicere
613 2494 718 2570 velint3
735 2493 808 2573 quin
824 2494 920 2570 etiam,
937 2496 1015 2574 quod
1031 2505 1078 2556 est
1092 2495 1122 2557 in
1140 2496 1243 2576 primis
1258 2495 1311 2557 iri·

236 2579 336 2642 volum
358 2598 391 2642 ac
413 2579 592 2654 scaenicum,
615 2579 737 2641 verbum
759 2587 871 2658 petant,
900 2598 960 2659 quo
983 2580 1136 2660 incipiant.
1171 2581 1228 2642 Sed
1251 2591 1311 2642 tam

238 2665 469 2727 contumeliosos
486 2665 516 2726 in
529 2683 560 2727 se
572 2665 649 2728 ridet
659 2663 786 2726 invicem
795 2663 973 2743 eloquentia,
990 2675 1020 2726 et
1037 2665 1087 2744 qui
1105 2666 1202 2728 stultis
1219 2665 1313 2727 videri

273 2801 313 2852 l'l.
330 2799 453 2863 empelle't,
471 2797 523 2863 vgl.
542 2797 588 2850 das
605 2797 663 2850 Bild
681 2801 705 2861 3,
723 2799 747 2851 d.
834 2797 956 2848 Liciniam
978 2798 1108 2864 Arcbtar,
1134 2799 1186 2864 agl.
1210 2799 1260 2850 Cic.
1286 2815 1313 2864 p.

270 2866 400 2917 sumendos
416 2869 530 2933 impetus
544 2861 749 2932 ‘schwungvolle
799 2864 874 2918 Area.
884 2867 908 2927 8,
922 2867 965 2917 ta:
979 2868 1100 2931 quotiens
1108 2881 1157 2931 ego
1167 2868 1238 2918 bunc
1247 2867 1314 2927 vidi,

236 2927 439 3001 Begeisterung'.
800 2949 860 2985 mam
887 2933 1008 2984 litteram
1028 2936 1178 3000 aertpn'caet
1200 2934 1314 2996 nullom,

274 3002 313 3054 18.
324 3001 361 3062 td,
370 2999 644 3065 nimlicheoetmpore
653 3000 748 3052 meere.
800 3015 1077 3066 magnumnumemm
1086 3005 1314 3068 optimorumoer-

267 3068 459 3134 praecipimur,
477 3083 497 3132 s,
516 3069 540 3130 6,
560 3068 585 3120 3.
798 3085 876 3122 auum
894 3069 926 3120 de
937 3071 972 3119 iia
984 3071 1051 3134 ipris
1068 3072 1154 3134 robur,
1173 3086 1242 3135 quae
1253 3074 1311 3119 tum

273 3137 312 3188 19.
327 3137 358 3186 tn
367 3152 457 3203 prora.
479 3133 547 3187 Uber
559 3134 748 3188 denGebraucb
800 3142 953 3202 agerentur,
971 3137 1059 3188 diem
1075 3154 1110 3188 eac
1127 3141 1259 3203 tempere!

237 3202 283 3256 das
301 3203 404 3256 Wortes
423 3219 443 3256 s.
461 3219 494 3255 zu
514 3205 536 3266 l,
555 3206 596 3256 bl.
834 3207 964 3270 nunquia
980 3202 1094 3263 faciant.
1119 3203 1236 3256 Dadurclt
1247 3204 1313 3256 wird

270 3273 415 3338 Antipater
434 3271 570 3336 Sidonius,
587 3270 629 3323 ein
647 3270 750 3322 alexan·
801 3273 843 3324 eiu
866 3271 905 3323 als
930 3271 1043 3338 moglicb
1066 3271 1202 3338 gedachter
1225 3271 1313 3325 Grund

237 3339 378 3392 driuischer
405 3339 587 3406 Improvisator
621 3354 665 3390 um
702 3340 748 3392 tea
800 3339 1035 3406 aurfickgewlesen.
1062 3339 1313 3406 EsgentagtdieBe-

237 3423 262 3459 v.
273 3407 339 3472 Chr,
348 3407 400 3473 vgl.
411 3407 462 3459 Cic.
472 3407 504 3459 de
513 3410 576 3459 orat.
586 3405 625 3472 Nl,
634 3410 677 3472 50,
689 3409 749 3460 194:
800 3405 894 3475 ruluog
905 3407 949 3460 aul
957 3408 1053 3460 Cicero.
1071 3406 1116 3459 Bei
1125 3407 1232 3469 faciant
1241 3409 1314 3460 batte

236 3476 380 3542 Antipater
392 3503 425 3514 -
437 3475 533 3526 colitur
545 3479 583 3526 est
599 3490 690 3526 verm
707 3476 750 3526 be-
802 3473 888 3535 Quint.
912 3475 1043 3528 vielleicbt
1060 3474 1158 3528 Statius
1178 3476 1230 3528 und
1248 3474 1314 3528 blar-

237 3548 374 3595 aeamatroc
399 3544 518 3608 aliosque
549 3545 634 3594 vania
665 3544 751 3594 modis
802 3543 871 3595 tialis
888 3543 922 3595 im
940 3544 1021 3610 Auge.

237 3616 317 3677 atque
329 3615 447 3663 numeris
456 3610 570 3672 fundere
582 3627 617 3662 ere
626 3616 750 3676 tempore,
836 3613 876 3664 21.
894 3610 1030 3672 frivolum.
1057 3610 1105 3662 Ein
1114 3609 1188 3664 Wort
1200 3613 1315 3678 spiterer

238 3683 393 3746 tantumque
421 3680 536 3730 bominis
558 3681 692 3743 ingeniosi
718 3694 751 3730 aa
802 3677 930 3732 Latinitit.
965 3678 1056 3732 Festus
1074 3694 1094 3732 s.
1112 3695 1136 3731 v.
1161 3683 1232 3760 sagi:
1249 3679 1314 3730 Fri·

238 3749 363 3798 memort'a
388 3747 477 3798 aabeit
506 3749 679 3811 concitatio,
712 3751 751 3811 ut,
802 3748 863 3798 vola
878 3749 988 3813 prepete
1006 3763 1068 3798 uasa
1092 3746 1190 3809 fictilia
1207 3762 1314 3812 quatem

238 3827 299 3864 eum
316 3830 344 3864 re
360 3821 446 3866 mente
460 3831 492 3866 ae
510 3814 647 3866 voluntate
665 3817 751 3866 eom'e·
801 3815 872 3866 unde
884 3814 957 3866 dicta
968 3817 1048 3866 verba
1064 3812 1165 3874 frivola
1183 3830 1252 3880 quae
1264 3817 1316 3864 mi-

236 3883 318 4000 piaaet
334 3885 363 3933 tn
379 3898 499 3948 emaum,
517 3884 597 3934 verba
614 3898 751 3948 sequeren-
802 3887 934 4001 ἲωέἷιηί
952 3881 1007 4000 [111ἰὲ
1023 3885 1153 3965 saphatiam
1178 3883 1245 3936 daun
1271 3882 1316 3934 be-

249 3965 292 4002 ur.
820 3965 852 4002 ea
908 3963 936 4002 es
961 3964 976 4001 a
1006 3964 1067 4002 eru.
