2918 4564
224 198 265 258 52
588 199 695 253 CAPUT
712 200 730 254 l.
748 203 765 266 ἐ
784 203 925 254 tta-118.

224 375 391 454 dignusque
405 374 450 435 vir
465 375 513 435 cni
528 383 557 436 et
571 391 656 435 mens
669 374 776 435 melior
789 382 820 434 et
829 374 887 436 vita
902 375 1021 455 longior
1034 375 1215 455 contigisset.
1245 377 1296 440 ln-

226 460 292 521 reni
307 461 358 538 qui
373 459 524 521 Calvum
539 460 724 540 praeferrent
736 459 883 535 omnihus,
899 459 1000 524 inveni
1016 460 1066 538 qui
1079 459 1215 523 Ciceroni
1230 481 1296 524 ore-

226 546 339 618 derent,
361 563 430 606 eum
451 544 541 605 nimia
555 552 660 606 contra
683 563 714 605 se
730 543 992 605 calumniatorum
1008 547 1184 625 sanguinem
1199 548 1298 628 perdi-

226 630 317 705 disse;
333 630 384 691 sed
401 638 445 692 est
460 638 489 690 et
504 638 605 692 sancta
620 637 649 691 et
663 629 758 709 gravis
774 629 867 690 oratio
882 631 1067 710 etcastigata
1082 639 1111 692 et
1125 633 1298 710 frequenter
1343 674 1345 678 -

225 715 385 776 vehemens
396 733 525 795 qnoque.
548 715 682 776 lmitator
693 721 790 774 autem
803 723 848 775 est
859 714 1023 776 Atticorum
1034 716 1162 795 fecitque
1175 717 1216 778 illi
1228 737 1298 798 pro-

226 809 328 879 perata
341 818 422 862 mors
436 801 583 875 iniuriam,
599 801 624 861 si
636 799 707 878 qnid
718 800 885 862 adiecturus
897 799 962 875 sihi,
978 821 1039 861 non
1055 801 1080 862 si
1096 801 1167 880 quid
1181 803 1298 864 detrae-

174 891 217 944 116
226 893 311 946 turus
326 885 391 947 luit.
421 884 458 946 Et
473 886 629 947 Servius
645 884 843 964 Sulpicius
858 884 1006 964 insignem
1022 905 1084 946 non
1099 887 1238 948 inmerito
1254 889 1268 948 l
1284 921 1298 932 -

226 988 304 1030 mam
325 970 421 1032 trihus
443 971 626 1032 orationihus
646 969 764 1030 meruit.
793 970 893 1045 Multa,
917 970 1029 1032 sicum
1052 970 1159 1033 iudicio
1175 973 1297 1052 legatur,

227 1053 307 1116 dabit
322 1056 486 1117 imitatione
501 1056 589 1135 digna
614 1055 766 1116 Cassius
781 1055 958 1130 Severus,
980 1057 1032 1135 qui
1047 1057 1072 1118 si
1088 1057 1192 1118 ceteris
1207 1058 1300 1120 virtu·

227 1139 306 1200 tihus
321 1141 451 1202 colorem
472 1149 501 1202 et
515 1141 684 1220 gravitatem
706 1139 848 1201 orationis
866 1140 1027 1215 adiecisset,
1050 1143 1206 1221 ponendus
1220 1143 1301 1206 inter

175 1232 219 1284 tta
227 1226 404 1305 praecipuos
418 1228 503 1288 toret.
532 1227 605 1288 Nam
621 1234 651 1286 et
665 1225 777 1303 ingenii
792 1225 955 1304 plurimum
970 1227 1055 1288 estin
1068 1244 1103 1287 eo
1113 1235 1146 1287 ’et
1157 1227 1300 1290 acerbitas

227 1311 311 1385 mira,
328 1319 356 1372 et
371 1311 523 1373 urbanitas
538 1319 567 1372 et
581 1329 678 1374 sermo
687 1327 798 1390 puram
813 1311 863 1372 sed
879 1311 946 1391 plus
957 1313 1109 1373 stomacho
1125 1331 1211 1391 quam
1227 1333 1300 1375 oon-

228 1395 292 1457 silio
314 1396 403 1457 dedit.
445 1397 598 1459 Praeterea
618 1405 651 1458 ut
673 1395 764 1456 amari
785 1395 861 1456 sales
884 1397 922 1457 ita
943 1398 1117 1476 frequenter
1137 1399 1300 1460 amaritudo

177 1488 219 1542 118
229 1481 291 1560 ipsa
306 1481 430 1542 ridicula
444 1493 498 1544 est.
528 1482 604 1543 Sunt
618 1481 665 1542 alii
690 1480 775 1541 multi
789 1481 899 1554 diserti,
922 1499 998 1560 quos
1017 1483 1156 1560 persequi
1177 1484 1301 1564 longum

227 1573 280 1627 est.
308 1565 1301 1646 EorumquosviderimDomitiusAleretlnliushlrica·

228 1669 248 1710 n
257 1670 298 1712 us
313 1651 403 1730 longe
413 1653 667 1732 praestantissimi.
697 1649 864 1712 Verborum
875 1659 938 1712 arte
950 1650 999 1712 ille
1014 1660 1043 1712 et
1053 1660 1116 1712 toto
1133 1670 1243 1730 genere
1257 1655 1300 1715 di-

228 1734 315 1797 cendi
330 1738 542 1815 praeferendus
563 1746 592 1798 et
612 1754 701 1816 quem
717 1735 748 1796 in
767 1754 894 1796 numero
909 1744 1042 1798 veterum
1057 1737 1167 1798 hahere
1184 1757 1245 1798 non
1262 1740 1302 1800 ti-

228 1839 324 1896 meas3
345 1821 393 1881 hic
409 1823 583 1884 concitatior
605 1823 656 1884 sed
672 1822 702 1882 in
719 1838 790 1881 cura
806 1821 966 1881 verborum
983 1821 1092 1884 nimius
1107 1831 1138 1883 et
1153 1825 1301 1904 composi-

264 1937 370 2002 Galam,
389 1937 415 1990 G.
433 1938 556 2005 Licinius,
573 1939 739 2005 Zeitgenosse
789 1936 860 1989 lehte
879 1939 911 1990 25
928 1937 1005 1990 Jahre
1024 1938 1050 1988 iu
1068 1937 1112 1991 der
1129 1937 1302 2006 Verbannung

229 2005 274 2058 des
297 2005 394 2071 Gallius,
419 2008 485 2058 auch
508 2007 546 2059 als
563 2006 666 2059 Dichter
688 2022 739 2058 von
791 2004 837 2056 aul
858 2005 902 2057 der
925 2004 992 2058 Insel
1014 2004 1135 2073 Seriphos
1159 2007 1212 2058 und
1234 2009 1304 2060 starh

229 2073 326 2126 seinem
339 2074 453 2126 Frennde
466 2075 581 2128 Catullus
598 2075 739 2142 gesch'atzt.
791 2073 906 2124 daselhst
929 2075 963 2127 34
985 2089 1009 2124 n.
1028 2073 1094 2140 Chr,
1117 2090 1137 2126 s.
1156 2073 1216 2128 Tac.
1234 2077 1300 2128 Anu.

264 2140 393 2194 Ciceroni.
416 2141 670 2208 S.Brutus82,283:
689 2144 741 2194 Ac·
791 2141 809 2206 l,
827 2144 868 2194 l'l.
886 2141 927 2204 lV,
947 2144 988 2194 21.

230 2213 352 2260 meatim
376 2211 509 2276 quoddam
526 2212 635 2262 dicendi
652 2217 679 2262 ot
695 2228 741 2262 aa·
826 2211 950 2274 colorem,
968 2225 988 2274 s,
1007 2208 1024 2276 ἦ
1041 2213 1082 2263 60.

231 2280 356 2342 patritiae
379 2276 519 2339 adferebat
540 2295 643 2344 genam
669 2280 742 2345 qaod
829 2280 885 2328 117.
899 2278 963 2344 ptus
980 2279 1164 2329 stomacho-
1179 2279 1258 2345 dedit,
1278 2297 1305 2334 er

230 2360 392 2410 quamquam
418 2350 533 2397 scienter
556 2347 743 2414 eleganterque
793 2343 874 2412 lolgte
887 2346 958 2397 mehr
970 2346 1040 2397 einer
1051 2345 1306 2402 leidenschaltlichen

231 2416 379 2479 tractabat,
404 2418 518 2466 nimiam
545 2420 633 2467 tamen
654 2417 744 2481 inqui·
793 2412 957 2479 moseburg,
983 2412 1021 2465 als
1039 2413 1109 2466 einer
1125 2417 1306 2482 vernunltigen

230 2497 293 2532 rens
316 2484 346 2532 in
363 2499 391 2532 aa
409 2487 488 2549 atque
509 2487 565 2550 ipre
581 2500 636 2534 aare
656 2485 743 2534 obser·-
787 2481 943 2546 'Ruchsicht
960 2480 1013 2546 vgl.
1029 2479 1088 2534 Tac.
1101 2480 1165 2534 Dial.
1180 2487 1220 2537 26.
1247 2486 1305 2536 Pri·

231 2554 491 2618 terminatumque
508 2552 743 2603 novitioramcol·
793 2566 852 2600 mus
891 2554 1039 2615 conternpto
1075 2551 1169 2602 ordine
1208 2568 1306 2618 reram,

232 2619 328 2683 ligaret
357 2623 438 2670 etiam
463 2637 555 2671 veram
583 2621 744 2684 sangninem
794 2621 891 2669 omnm
914 2618 1044 2668 modestia
1067 2634 1099 2669 aa
1116 2621 1223 2684 pudore
1249 2638 1307 2672 ucr-

232 2686 397 2752 dapcrdelrat.
795 2689 903 2750 horam,
924 2687 991 2751 ipris
1009 2689 1088 2736 otiam
1106 2690 1201 2753 quibua
1218 2691 1307 2740 alitam

265 2758 532 2821 aerameanguinm
540 2751 625 2808 ‘echte
633 2755 745 2808 Lehens-
795 2757 880 2805 armis
902 2755 1094 2819 incompositae
1115 2760 1141 2806 at
1157 2756 1247 2808 stadio
1267 2756 1306 2819 se

231 2819 342 2874 frische’.
795 2822 1051 2888 riendlploramqaa
1065 2822 1180 2874 deiectus
1191 2841 1246 2876 aaa
1254 2841 1307 2890 pa·

266 2894 361 2942 cantra
378 2907 406 2940 aa
424 2892 567 2942 calumnia.
595 2890 690 2958 ugia,
705 2895 744 2946 10.
793 2895 864 2956 gnat
880 2889 928 2942 aad
943 2892 1062 2942 niscatur.

232 2960 257 3021 4,
276 2958 300 3008 3.
832 2959 888 3010 118.
906 2959 1042 3008 Domitiae
1049 2956 1126 3019 Afer,
1138 2974 1184 3012 aus
1198 2958 1309 3013 Nemau-

266 3029 370 3090 aanota,
386 3019 528 3078 ‘leierlich’.
796 3040 848 3090 sus,
866 3026 1004 3090 gestorhen
1016 3028 1049 3078 58
1061 3041 1087 3078 n.
1097 3026 1154 3080 Ghr.
1179 3026 1236 3080 Von
1255 3028 1308 3080 ihm

268 3096 410 3159 castigata,
430 3093 557 3146 vielleicht
575 3097 718 3146 concitata
796 3096 854 3160 sagt
872 3093 957 3154 Quint.
976 3093 1007 3157 V,
1026 3097 1049 3158 7,
1062 3097 1090 3145 l:
1109 3111 1186 3160 quem
1205 3097 1308 3150 adaua-

268 3160 384 3228 saeitqae
400 3161 630 3226 illi-intantum,
648 3162 675 3214 in
687 3163 745 3214 sehr
796 3163 917 3213 centulae
934 3177 1022 3213 reama
1044 3162 1123 3214 colai.
1150 3163 1201 3228 ΧΠ,
1222 3167 1261 3228 11,
1279 3168 1309 3218 3:

130 3249 133 3255 ¹
235 3228 462 3294 ahgeschwiichter
478 3230 638 3296 Bedeutung.
798 3230 864 3282 Vidi
874 3244 923 3294 ego
936 3229 1015 3295 longe
1026 3233 1152 3296 omnium,
1165 3248 1231 3298 quor
1242 3235 1310 3284 milri

265 3303 429 3365 properata,
451 3293 614 3366 ‘lrrlhzeitig',
636 3299 681 3350 der
698 3298 746 3351 Be·
796 3313 957 3363 cognoscere
969 3301 1090 3364 conta'git,
1104 3315 1237 3351 rammam
1249 3317 1310 3352 cra-

235 3364 350 3432 dcutung
367 3383 419 3419 ron
430 3369 584 3418 inmaturam
596 3367 662 3419 nahe
673 3366 747 3420 kom-
797 3371 881 3418 torem
891 3367 1044 3417 Domitiam
1059 3365 1160 3427 Afrum
1177 3369 1255 3420 ualde
1271 3386 1309 3420 ra·

235 3433 319 3486 mend.
796 3450 856 3486 nem
873 3435 972 3486 cotidie
988 3435 1094 3500 aliquid
1110 3451 1146 3486 aa
1163 3453 1206 3499 ea,
1230 3453 1309 3503 qaam

272 3504 328 3555 116.
352 3503 460 3554 Servius
482 3501 630 3569 Sulpicius,
657 3502 747 3568 Rufus,
796 3508 944 3566 meruerat,
968 3505 1130 3554 auctoritate
1145 3505 1309 3571 perdentem,

236 3568 335 3623 Konsul
348 3576 395 3624 144
404 3587 429 3623 v.
440 3571 504 3636 Chr,
518 3571 562 3623 der
575 3571 747 3624 herdhmteste
799 3586 858 3622 cam
876 3578 972 3637 agente
988 3571 1051 3636 illo,
1069 3587 1146 3638 praem
1159 3575 1310 3640 principem

236 3636 446 3706 Rechtsgelehrte
470 3640 553 3692 seiher
574 3640 640 3704 Zeit,
667 3640 746 3692 erhoh
797 3638 882 3703 sance
900 3640 1034 3706 quondam
1051 3639 1109 3702 sori
1125 3657 1180 3692 non
1192 3641 1311 3693 eraldu-

237 3703 472 3774 dielnrisprudenz
490 3723 522 3760 au
540 3707 610 3761 einer
622 3707 747 3761 hesonde·
799 3709 879 3771 tiam,
897 3708 955 3773 atii,
973 3708 1047 3776 qaod
1061 3708 1203 3772 indignum
1221 3710 1311 3762 aidan-

237 3786 281 3824 ren
301 3773 495 3828 wissenschalt
523 3775 581 3844 vgt.
600 3780 623 3841 l,
642 3779 683 3829 30.
800 3781 851 3841 tar,
869 3777 996 3837 riderent,
1015 3775 1065 3826 alii
1081 3779 1270 3830 matacaorcnt.

270 3844 377 3906 meruit,
395 3858 415 3894 s.
435 3848 451 3908 ξ
471 3847 510 3896 tt.
832 3844 918 3895 latiae
941 3842 1102 3907 Africanam,
1130 3860 1175 3898 aus
1203 3845 1310 3912 Gallien,

274 3908 378 3960 Οωείιιε
389 3910 510 3977 Saaarm,
522 3914 597 3964 unter
608 3911 747 3978 Augustus,
799 3911 888 3962 hh'rhte
906 3915 980 3963 unter
997 3910 1072 3964 Nero.
