2918 4564
548 269 657 323 canor
675 273 692 324 1.
711 274 727 339 1
748 275 855 325 11-11.
1197 273 1233 332 21

165 445 217 519 bit,
233 444 455 525 pronuntiandi,
470 445 516 505 vel
530 445 736 524 potentissima
751 447 781 506 in
798 445 933 520 dicendo,
949 448 1022 508 ratio
1038 457 1082 522 et,
1098 457 1132 509 ut
1147 451 1239 510 semel

167 530 270 603 dicam,
286 529 398 608 pariter
412 530 511 590 omnia
525 531 643 591 docent.
672 530 707 590 ln
723 530 851 591 lectione
867 531 976 592 certius
992 532 1141 608 iudicium,
1158 536 1238 612 quod

167 615 298 675 audienti
312 615 486 693 frequenter
500 623 551 675 aut
561 633 633 676 suus
645 615 752 694 cuique
767 616 910 676 laverant
925 616 972 677 ille
983 616 1166 678 laudantium
1177 621 1238 680 cla·

166 718 232 759 mor
253 708 416 778 extorquet.
459 698 554 761 Pudet
574 701 654 761 enim
675 699 830 760 dissentire
847 710 882 760 et
901 701 981 762 velut
1004 703 1092 762 tacita
1113 705 1239 781 quadam
1260 713 1289 765 18

165 783 342 845 verecundia
356 784 530 845 inhibemur
544 785 611 864 plus
626 784 714 846 nobis
729 785 859 858 credere,
876 801 943 846 cnm
959 787 1120 848 interimet
1133 787 1235 850 vitiosa

166 867 300 948 pluribus
316 869 456 948 placent,
469 877 499 930 et
513 889 529 930 a
544 870 714 948 conrogatis
730 869 888 930 laudantur
903 869 990 931 etiam
1005 890 1081 950 quae
1097 891 1158 932 non
1173 873 1237 953 pla·

165 963 243 1014 cent.
274 954 361 1015 Sede
377 954 526 1015 contrario
551 973 669 1034 quoque
684 955 805 1027 accidlt,
826 963 860 1014 ut
874 955 985 1033 optime
1006 956 1092 1018 dictis
1114 959 1238 1036 gratiam
1262 966 1288 1016 19

165 1056 253 1118 prava
268 1038 375 1100 iudicia
389 1057 451 1099 non
468 1041 608 1100 referant.
639 1038 740 1100 Lectio
756 1039 850 1100 libera
865 1047 910 1100 eat
925 1057 987 1110 nec
996 1051 1028 1101 111
1043 1041 1167 1103 actionis
1181 1043 1237 1102 im-

166 1132 252 1202 petus
272 1124 466 1200 transcurrit3
487 1125 537 1185 sed
559 1132 695 1204 repetere
716 1124 833 1202 saepius
855 1124 1023 1199 licet‚'sive
1046 1125 1161 1189 dubites
1178 1127 1238 1189 sive
1294 1123 1296 1128 ’

166 1208 324 1269 memoriae
342 1209 461 1288 penitus
477 1209 603 1289 adllgere
618 1209 698 1270 velis.
728 1209 908 1288 Repetamus
931 1217 1028 1271 autem
1052 1219 1081 1271 et
1100 1220 1239 1273 retracte-

165 1311 245 1366 mus,
268 1300 297 1354 et
318 1301 353 1354 ut
372 1292 455 1354 cibos
476 1311 595 1355 mansos
611 1312 645 1354 ac
660 1311 755 1372 prope
770 1294 944 1372 liquefactos
959 1295 1162 1369 demittimuss
1178 1314 1238 1375 quo

165 1369 280 1440 facilius
302 1378 488 1457 digerantur:
518 1379 558 1439 ita
580 1379 668 1439 lectio
691 1398 752 1439 non
777 1380 867 1441 cruda
889 1380 940 1441 sed
969 1381 1061 1442 multa
1082 1380 1238 1442 iteratione

167 1463 275 1523 mollita
292 1471 322 1523 et
336 1463 416 1524 velut
431 1464 567 1524 conlecta
582 1463 742 1523 memoriae
757 1463 974 1543 imitationique
988 1464 1130 1526 tradatur.

251 1551 293 1608 Ac
309 1547 359 1609 diu
374 1548 496 1608 nonnisi
512 1549 642 1626 optimus
657 1548 783 1626 quisque
798 1549 893 1626 etqui
918 1551 1088 1610 credentem
1111 1550 1167 1611 sibi
1183 1550 1238 1610 mi·
1260 1557 1289 1608 21)

167 1633 245 1693 nime
268 1631 347 1710 fallat
368 1632 512 1712 legendus
533 1641 592 1708 est,
616 1633 666 1693 sed
682 1633 839 1712 diligenter
860 1651 894 1692 ac
917 1651 1011 1714 paene
1030 1635 1065 1694 ad
1088 1627 1239 1700 sortiendi

165 1715 410 1792 sollicitudinem
433 1733 488 1778 nec
503 1735 558 1798 per
572 1725 672 1798 partes
686 1718 775 1778 modo
790 1719 948 1799 scrutanda
964 1719 1078 1792 omnia,
1100 1721 1152 1780 sed
1169 1737 1239 1799 per-

165 1802 259 1862 lectos
280 1800 357 1875 liber
370 1802 474 1881 utique
489 1821 525 1862 ex
547 1803 663 1881 integro
678 1803 874 1865 resumendus
896 1804 1115 1883 praecipueque
1136 1805 1239 1877 oratio,

165 1887 250 1946 cuius
260 1886 383 1947 virtutes
395 1888 568 1966 frequenter
582 1906 618 1947 ex
629 1888 774 1948 industria
786 1906 905 1966 quoque
921 1889 1118 1949 occultantur.
1145 1889 1240 1967 Saepe
1263 1894 1290 1966 21

166 1970 245 2032 enim
267 1979 437 2051 praeparat,
460 1971 635 2047 dissimulat,
662 1972 818 2034 insidiatur
840 1979 954 2047 orator,
977 1991 1069 2052 eaque
1092 1974 1122 2034 in
1145 1973 1239 2052 prima

163 2107 262 2169 geaten,
280 2103 332 2167 vgl.
346 2105 404 2168 l,9.
432 2101 518 2163 Quint.
531 2102 676 2168 erklirtlll,
728 2103 842 2168 deutung
865 2119 916 2155 von
938 2099 1023 2168 ‘man'‚
1051 2104 1103 2170 vgl.
1126 2103 1240 2154 Ellendt·

166 2173 214 2233 3,1
236 2171 287 2222 ond
300 2169 341 2235 lll,
355 2172 378 2234 3,
394 2173 405 2223 1
419 2174 608 2236 pronuntiatio
624 2171 677 2222 und
728 2169 853 2239 Seyfferts
876 2171 984 2224 Gramm.
1004 2172 1020 2238 ξ
1039 2173 1096 2234 247,
1116 2175 1130 2224 3
1152 2171 1240 2224 darm:

166 2241 237 2290 actio
264 2239 304 2290 tur
333 2238 416 2305 rdllig
446 2237 677 2304 gleichbedeutend
728 2239 830 2290 dhnlich
852 2237 895 2302 lx,
913 2243 937 2304 2,
956 2242 988 2293 ott
1007 2240 1119 2305 ideoque
1142 2255 1159 2290 a
1182 2241 1241 2304 qai·

164 2308 338 2372 (quapropter
359 2311 475 2372 atraque
499 2308 679 2373 appellatione
729 2307 838 2357 bardam
857 2313 912 2359 tota
930 2325 973 2359 rea
990 2308 1165 2374 repudiatur,
1186 2310 1240 2357 aioa

165 2375 354 2440 indifferenter
368 2375 503 2438 atihant),
517 2375 677 2440 meintaber,
728 2375 917 2442 intellegatur,
943 2379 999 2426 rive
1024 2393 1079 2427 non
1103 2376 1241 2442 intellega-

165 2441 220 2493 dals
238 2441 280 2494 die
289 2445 479 2508 pronuntiatio
491 2443 539 2495 den
552 2441 677 2495 letnteren
729 2448 783 2494 tur.
1171 2473 1174 2478 ,

165 2509 379 2577 Namenagerta
393 2526 424 2562 au
438 2509 552 2562 erhalten
565 2510 677 2576 echeine,
762 2514 938 2562 retractemus
970 2508 1114 2575 ‘grhudlich
1147 2511 1242 2561 behan-

165 2576 243 2628 daher
265 2577 373 2628 braneht
392 2591 418 2628 er
442 2578 517 2639 bald,
541 2578 592 2629 wie
615 2579 677 2642 hier,
729 2575 805 2641 deln',
824 2577 966 2644 (legensatz
984 2592 1035 2628 von
1048 2583 1241 2642 transcurrere,

166 2647 237 2694 actio
256 2643 296 2694 har
305 2649 404 2708 gastos,
423 2644 482 2695 bald
496 2645 553 2696 teilt
565 2659 593 2696 er
605 2649 677 2696 actio
729 2646 781 2711 rgl.
794 2647 841 2708 3,7
854 2645 907 2696 und
919 2644 960 2710 xl,
973 2645 997 2708 2,
1010 2647 1055 2697 35:
1068 2644 1113 2695 das
1126 2643 1241 2696 einiache

165 2713 190 2762 ln
204 2725 293 2772 vocam
303 2715 469 2777 gestumque,
481 2712 532 2764 wie
544 2711 585 2776 xl,
597 2714 620 2776 3,
632 2715 678 2774 14,
730 2717 848 2762 cantaro
865 2715 890 2776 5,
908 2713 932 2764 8.

165 2779 218 2844 vgl.
237 2784 316 2830 anien
334 2779 349 2844 ξ
369 2781 408 2832 19.
763 2780 925 2844 digerantur
964 2779 1005 2829 ihr
1022 2783 1243 2844 'concoquantur

199 2845 278 2897 smel
293 2843 345 2899 ‘ein
363 2847 404 2898 ldr
422 2841 546 2900 allemal³.
729 2847 932 2913 sp'atlateinisch
944 2848 996 2898 wie
1009 2848 1141 2912 digestam
1154 2848 1242 2897 abant

201 2915 368 2966 mordentium
386 2913 488 2965 elamor
505 2913 608 2966 bezieht
623 2914 678 2966 sich
728 2913 873 2979 111231.
907 2914 935 2965 ln
959 2915 1017 2966 dem
1035 2913 1164 2966 Gleichnis
1186 2921 1241 2965 ent-

165 2982 212 3034 aui
227 2982 268 3034 dle
280 2981 382 3034 Unsitte
400 2981 444 3034 der
456 2981 559 3050 (linque,
578 2981 678 3034 welche
729 2982 852 3049 sprechen
888 2981 942 3033 nich
979 2982 1063 3033 multa
1097 2985 1243 3033 iteratione

165 3051 282 3103 erwdhnt
299 3051 334 3102 ist
346 3048 387 3116 lV,
400 3052 424 3114 2,
438 3053 469 3100 at
488 3051 525 3102 ad
536 3051 678 3102 clamorem
727 3050 831 3101 mollita
849 3049 902 3101 und
919 3065 1033 3114 mansor,
1052 3050 1174 3112 confecta
1187 3049 1240 3101 und

101 3123 110 3136 '
165 3119 310 3185 diepa-ritae
325 3119 369 3169 ool
385 3121 464 3172 otram
480 3117 552 3180 sorte
564 3121 679 3170 eircum-
729 3116 898 3184 liquefactos.

164 3185 243 3247 farae
253 3186 435 3236 multitudinis
451 3188 601 3252 compositi:
620 3201 678 3238 aua-
764 3187 839 3237 tactio
857 3179 912 3236 ‘das
931 3179 1073 3236 Gelesene'.

166 3253 304 3305 ldhrlicher
317 3253 374 3304 sind
393 3253 462 3304 diese
475 3254 605 3306 auditores
617 3269 678 3306 con·
762 3256 803 3307 20.
820 3255 944 3317 nonnisi,
962 3253 997 3304 ist
1015 3252 1040 3302 in
1060 3251 1104 3303 der
1122 3253 1244 3318 spiteren'

166 3319 236 3372 ducti
246 3325 272 3372 et
285 3319 410 3386 redempti
426 3335 477 3372 ron
488 3320 586 3374 Plinius
595 3321 676 3389 Epist.
728 3321 784 3373 Zeit
801 3321 958 3373 Aduerbium
982 3319 1122 3386 geworden
1146 3319 1241 3371 ebeneo

165 3388 193 3450 11,
215 3390 245 3439 11
265 3389 426 3454 geschildert.
729 3391 753 3453 3,
766 3392 812 3451 29;
832 3389 948 3456 dagegen
966 3385 1047 3439 findet
1065 3387 1120 3438 sich
1138 3390 1192 3437 nist
1209 3415 1240 3424 -

202 3457 241 3507 18.
259 3456 411 3506 inhibemur
433 3455 468 3506 ist
491 3455 537 3507 mit
560 3456 616 3508 dem
638 3456 677 3508 ln·
729 3471 791 3519 noa,
810 3457 860 3508 wie
878 3457 919 3509 bei
938 3456 1040 3519 Cicero,
1066 3471 1097 3507 zu
1115 3454 1243 3505 verschie-

166 3521 251 3574 linitir
268 3521 424 3574 verbunden.
729 3524 812 3575 denen
822 3523 915 3575 Sdtzen
928 3523 990 3575 oder
1003 3523 1160 3586 wenigstens
1170 3519 1243 3572 Sata·

201 3606 260 3642 carm
276 3592 386 3641 interim
409 3589 456 3639 mit
477 3588 533 3640 dem
551 3590 678 3642 lndikativ
729 3590 842 3655 gliedern
862 3591 970 3657 gehonig
988 3593 1011 3654 3,
1030 3592 1070 3644 30.
1090 3593 1114 3652 t,
1132 3592 1155 3641 5.
1174 3591 1198 3651 t,
1221 3592 1242 3640 1.

165 3659 244 3724 wie§
262 3659 305 3710 111
321 3656 615 3722 iaetgleichhedentend
633 3659 679 3708 mit
763 3674 799 3708 aa
815 3661 936 3725 integro,
957 3658 1006 3708 wie
1023 3656 1084 3708 bald
1102 3655 1193 3708 darant
1208 3673 1244 3707 aa

166 3729 341 3792 quinetiam.
729 3725 874 3776 indrertria'
887 3724 939 3777 und
960 3727 976 3788 ξ
997 3727 1026 3776 to
1052 3741 1066 3774 a
1089 3728 1244 3775 conuerte.-

202 3797 241 3847 19.
258 3795 362 3845 indicta
380 3792 435 3844 hier
454 3792 503 3843 wie
520 3793 536 3857 ς
555 3795 595 3845 12.
730 3793 874 3860 uberhaupt
891 3792 949 3844 sind
968 3792 1010 3844 die
1022 3791 1243 3844 adverbialisehen

198 3865 254 3913 riva
267 3892 299 3900 -
312 3863 368 3912 stoa
385 3861 431 3911 mit
449 3859 594 3925 folgenden
611 3860 679 3913 llon-
730 3859 874 3926 Bildungen
892 3859 939 3912 mit
957 3877 992 3912 aa
1009 3861 1082 3922 (stac
1098 3859 1144 3912 des
1157 3859 1244 3912 trahea

163 3930 268 3993 junktiv
292 3930 336 3981 der
354 3931 378 3980 2.
397 3927 491 3980 Person
513 3927 540 3980 in
564 3928 609 3980 der
630 3927 679 3980 Be·
730 3928 849 3980 riblichen
878 3929 911 3980 de
937 3927 988 3980 und
1011 3930 1055 3992 ab)
1082 3927 1132 3980 und
1160 3929 1243 3980 ciuem
