2918 4564
241 251 281 316 68
654 254 762 308 crrur
780 254 817 308 ur.
836 257 852 320 a
870 257 978 309 ae-aa

189 441 218 492 26
239 441 347 493 teneat.
377 432 434 492 Sed
450 430 562 492 cumin
579 431 661 491 omni
681 429 846 491 studiorum
868 447 978 509 genere
998 437 1060 490 tum
1076 429 1107 490 in
1123 430 1181 491 hoc
1197 431 1311 510 praeei-

240 534 300 596 pue
315 516 394 576 hona
407 516 552 589 valetudo,
568 533 703 594 quaeque
718 533 782 576 eam
797 515 922 576 maxime
937 522 1075 595 praestat,
1091 515 1242 594 frugalitas
1257 535 1310 578 ue-

208 612 211 620 '
241 601 366 663 cessaria
382 608 442 674 est;
457 619 526 661 cum
539 609 673 680 tempora
688 599 724 660 ab
740 600 803 679 ipsa
825 617 925 660 rerum
942 608 1046 662 natura
1061 599 1097 660 ad
1112 600 1244 678 quietem
1264 619 1311 662 re-

189 706 192 711 ·
241 686 459 763 lectionemque
475 685 563 746 nobis
574 686 638 746 data
650 685 680 745 iu
693 685 868 746 acerrimum
878 686 1010 746 laborem
1022 686 1232 748 convertimus.
1259 685 1310 748 Cui

241 779 340 832 tamen
363 786 424 832 uon
447 771 514 849 plus
534 771 731 849 irrogandum
753 779 798 831 est
818 787 907 848 quam
930 770 1008 849 quod
1029 787 1134 832 somno
1156 771 1311 850 supererit,

191 863 219 914 aa
241 854 319 917 baud
334 855 436 918 deerit.
468 855 571 917 Obstat
586 856 664 916 enim
680 853 849 934 diligentiae
861 855 1013 916 scribendi
1024 854 1111 916 etiam
1126 856 1266 934 fatigatio,
1283 866 1313 918 et

242 940 369 1015 abunde,
385 941 409 1001 si
425 949 515 1014 vacet,
530 941 604 1002 lucis
618 940 711 1020 spatia
722 939 889 1017 sufficiuut3
906 947 1066 1020 occupatos
1077 940 1108 1000 in
1124 949 1243 1002 noctem
1258 959 1312 1002 ne·

243 1026 364 1088 cessitas
378 1025 445 1106 agit.
476 1025 527 1086 Est
540 1033 639 1087 minen
660 1024 836 1097 lucubratio,
859 1024 999 1104 quotiens
1021 1027 1056 1086 ad
1072 1043 1136 1086 eam
1151 1026 1260 1104 integri
1275 1045 1309 1088 ao
1407 1106 1410 1110 Ι
1448 1091 1449 1110 ἓ

242 1111 344 1172 relecti
360 1111 503 1182 venimus,
524 1111 668 1190 optimum
682 1110 787 1172 secreti
802 1127 905 1189 genus.
1231 1151 1234 1156 -

192 1205 220 1257 28
326 1196 383 1258 Sed
399 1196 549 1258 silentium
565 1204 594 1258 et
608 1213 743 1257 secessus
757 1205 787 1255 et
805 1195 938 1274 undique
952 1195 1029 1256 liber
1048 1195 1174 1268 animus,
1196 1203 1229 1256 ut
1243 1204 1313 1256 sunt

243 1281 367 1342 maxime
386 1281 523 1364 optanda,
549 1281 588 1342 ita
610 1300 672 1341 non
695 1297 812 1358 semper
830 1291 957 1361 possunt
977 1281 1161 1358 contingere,
1187 1280 1312 1360 ideoque

244 1385 304 1426 non
320 1367 427 1440 statim,
448 1367 472 1427 si
489 1367 560 1444 quid
574 1366 736 1444 obstrepet,
758 1365 904 1426 obiciendi
925 1365 1042 1426 codices
1063 1373 1152 1426 erunt
1167 1375 1197 1426 et
1211 1367 1312 1446 deplo-

243 1452 354 1530 randus
368 1452 445 1528 dies3
471 1469 570 1512 vemm
592 1450 789 1512 incommodis
811 1451 1040 1529 repugnandum
1056 1458 1085 1510 et
1099 1449 1146 1510 hic
1161 1451 1313 1512 faciendus

245 1539 324 1611 usus,
351 1546 384 1596 ut
405 1535 504 1597 omnia
525 1553 600 1615 quae
623 1534 786 1614 impedient
808 1536 907 1596 vineat
921 1535 1062 1609 intenti03
1089 1551 1177 1613 quam
1203 1535 1228 1596 si
1252 1544 1312 1597 tota

205 1627 208 1640 '
244 1631 345 1683 mente
358 1617 390 1681 in
407 1639 482 1704 opus
497 1622 594 1701 ipsum
609 1620 759 1692 direxeris,
776 1620 850 1680 nihil
864 1639 977 1694 eorum,
1001 1637 1075 1698 quae
1090 1620 1184 1681 oculis
1199 1621 1244 1681 vel
1258 1639 1310 1681 au·

185 1716 221 1766 229
244 1707 326 1768 ribus
337 1707 501 1780 incursant,
517 1706 551 1766 ad
565 1706 696 1766 animum
709 1705 870 1784 perveniet.
899 1705 943 1765 An
957 1723 1028 1765 vero
1039 1707 1212 1783 frequenter
1226 1706 1313 1766 etiam

244 1792 364 1852 lortuita
380 1793 436 1851 hoc
451 1791 588 1869 cogitatio
604 1799 740 1868 praestat,
759 1799 791 1850 ut
807 1788 907 1851 obvios
922 1809 984 1851 non
1000 1789 1150 1851 videamus
1165 1799 1195 1850 et
1207 1790 1313 1851 itinere

33 1869 37 1876 ’
96 1891 102 1905 ‘
122 1847 151 1948 ἶ
243 1877 429 1938 deerremus:
450 1894 512 1936 non
534 1893 752 1954 consequemur
772 1875 859 1948 idem,
873 1875 897 1936 si
912 1885 942 1936 et
956 1872 1155 1936 voluerimus?
1183 1875 1258 1936 Non
1270 1884 1314 1936 est

120 1965 131 2021 l

243 1961 458 2040 indulgendum
479 1961 575 2022 causis
597 1960 734 2022 desidiae.
777 1959 851 2022 Nam
872 1960 896 2021 si
917 1959 1038 2021 nonnisi
1059 1959 1170 2031 relecti,
1194 1960 1314 2022 nonnisi

148 2105 150 2110 ,
208 2075 213 2083 ==
245 2045 361 2121 hilares,
384 2046 504 2108 nonnisi
526 2045 664 2107 omnibus
686 2045 850 2106 aliistouris
871 2054 1008 2108 vacantes
1022 2045 1200 2106 studendum
1216 2045 1313 2107 existi-

193 2141 222 2193 30
243 2133 398 2192 marimus:
425 2149 544 2211 semper
565 2131 622 2192 erit
642 2139 766 2210 propter
789 2131 869 2209 quod
884 2130 971 2191 nobis
985 2131 1181 2210 ignoscamus.
1217 2131 1315 2202 Quare

246 2217 275 2277 in
293 2216 388 2289 turba,
404 2217 520 2288 itinere,
545 2216 684 2277 conviviis
705 2215 899 2284 etiamftaciat
913 2215 969 2276 sibi
986 2214 1124 2293 cogitatio
1139 2215 1202 2294 ipsa
1216 2233 1314 2276 secre-

244 2310 316 2361 tum.
348 2300 426 2372 Quid
441 2300 549 2378 alioqui
565 2302 623 2373 fiet,
645 2317 714 2360 cum
735 2300 765 2360 iu
789 2300 886 2360 medio
906 2301 981 2373 loro,
996 2309 1041 2377 tot
1055 2299 1315 2362 circumstantibus

244 2386 368 2457 iudiciis,
391 2385 503 2463 iurgiis,
521 2384 653 2446 fortuitis
669 2386 756 2444 etiam
778 2382 965 2457 clamoribus,
988 2385 1046 2444 erit
1059 2385 1157 2446 subite
1172 2385 1314 2446 continua

245 2471 380 2533 oratione
400 2469 568 2534 dicendum,
589 2470 613 2530 si
629 2469 794 2549 particulas,
817 2487 890 2548 quar
911 2469 989 2530 ceris
1009 2468 1191 2544 mandamus,
1212 2469 1269 2532 nisi
1283 2470 1315 2530 in

245 2556 404 2618 solitudine
417 2555 548 2635 reperire
567 2573 627 2616 non
646 2552 826 2645 possumus?
842 2554 970 2634 Propter
982 2571 1058 2632 quae
1067 2554 1145 2616 idem
1157 2555 1206 2616 ille
1216 2562 1316 2618 tantus

280 2705 527 2771 26.fmgalitua,im
535 2704 755 2758 weltestenSinne
809 2706 893 2756 oculis
910 2704 944 2756 ist
961 2705 1003 2756 ein
1016 2708 1095 2756 etwas
1114 2703 1317 2756 stinkererrlns-
1346 2758 1348 2766 ,

246 2791 278 2826 zu
301 2766 437 2834 versteh'n,
460 2773 513 2840 vgl.
530 2773 582 2838 llll,
602 2776 624 2834 l,
646 2776 674 2824 8:
696 2789 755 2839 age,
807 2772 888 2825 druell
900 2772 938 2824 als
951 2773 966 2838 §
977 2775 1047 2824 ibin
1065 2774 1156 2824 emulos
1168 2775 1316 2824 incurrm.

245 2859 300 2895 nen
312 2843 350 2893 ad
361 2840 537 2908 perferendos
548 2840 699 2892 studiorum
718 2841 755 2892 la-
807 2840 856 2892 ller
867 2841 923 2892 Dat.
942 2841 977 2892 ist
990 2855 1036 2892 aus
1048 2839 1093 2892 der
1105 2839 1315 2908 Dichterspracbe

247 2913 322 2961 dorca
339 2913 489 2961 necessario
510 2908 628 2974 fruge
638 2910 666 2960 li
676 2912 754 2960 aaa?
806 2910 832 2960 iu
850 2908 917 2960 dies
936 2909 1006 2960 itere
1018 2908 1097 2960 Prosa
1110 2909 1316 2974 dbergegrngen.

247 2977 319 3040 Quid
335 2993 398 3043 crgo
425 2993 459 3027 cc
481 2977 681 3028 libidinosae
705 2979 754 3027 le·
803 2981 811 2996 ¹
839 2979 879 3028 29.
902 2923 973 3026 idem
991 2976 1094 3028 beaiebt
1112 2977 1167 3028 sich
1185 2977 1256 3028 niclrt
1273 2976 1319 3028 aul

246 3048 350 3096 curia
366 3047 440 3111 epeil
804 3043 850 3096 das
866 3044 1030 3098 uumittelbar
1047 3043 1266 3110 Verbergelrende.

282 3129 341 3164 cum
362 3141 394 3150 —
413 3114 602 3175 concedmus,
625 3107 757 3164 ‘wibrend
842 3114 882 3164 30.
901 3113 1107 3163 tot-iedieiis.
1131 3113 1158 3165 ln
1164 3112 1238 3178 jeder
1246 3111 1319 3164 Basi-

247 3182 295 3233 wir
313 3174 491 3244 reruenden’,
514 3179 612 3244 sodale,
638 3177 688 3232 wie
715 3181 756 3231 bei
807 3179 859 3232 lilra
884 3179 989 3232 worden
1007 3181 1121 3232 mehrare
1139 3180 1257 3233 Gericlrte
1274 3193 1319 3232 ne·

247 3263 310 3312 uni,
338 3249 379 3302 die
395 3248 503 3300 kaueale
525 3246 677 3314 Bedeutung
700 3263 758 3299 ror·
807 3245 979 3300 beneinander
1003 3247 1157 3314 abgehalteu
1177 3248 1229 3301 oud
1248 3263 1319 3300 zuar
1409 3289 1410 3292 ,

247 3317 373 3383 herrscbt,
388 3317 440 3384 vgl.
452 3316 471 3382 l,
483 3320 507 3381 6,
519 3318 546 3367 2:
559 3319 708 3368 aucteritas
722 3317 755 3366 ab
808 3315 833 3366 iu
853 3315 897 3367 der
915 3315 994 3382 Regel
1009 3316 1082 3382 ulcr,
1106 3317 1158 3384 agl.
1174 3317 1227 3380 XII,
1246 3320 1270 3382 5,
1288 3319 1317 3369 6:

248 3388 401 3448 oratoribus
422 3387 464 3436 uel
486 3385 622 3435 historicis
641 3386 700 3449 pali
715 3399 757 3435 ao·
808 3397 867 3434 cum
885 3386 914 3434 in
932 3385 1044 3436 basidea
1056 3385 1127 3436 Iulia
1142 3386 1245 3437 diceret
1256 3387 1319 3450 pri-

248 3455 284 3504 lel
305 3483 339 3491 -
362 3469 438 3504 cum
463 3467 626 3504 summorum
648 3455 677 3504 in
703 3453 756 3503 elo·
806 3467 849 3503 mo
869 3452 1002 3504 tribunali
1017 3451 1177 3518 (Trachalus)
1201 3457 1318 3519 quatuor

248 3526 357 3588 quentia
370 3524 492 3572 uirorum
503 3520 633 3571 iudicium
641 3535 693 3586 pro
711 3535 756 3572 ra·
809 3523 896 3571 autem
908 3520 1019 3586 iudicio,
1037 3526 1069 3572 ul
1079 3525 1163 3572 moria
1179 3526 1225 3584 ael,
1243 3536 1319 3586 eoge-

247 3583 332 3655 tione,
355 3594 382 3640 ct
404 3589 446 3640 uel
463 3604 540 3640 mor
558 3590 683 3639 bonactus
701 3593 758 3639 cal
807 3593 910 3639 rentur.
935 3593 1016 3655 alque
1041 3593 1132 3641 omnia
1158 3590 1319 3641 clamoribus

247 3659 455 3723 mugnoegduocs
471 3659 648 3722 aequantibus.
807 3655 960 3722 frenarent,
978 3658 1138 3709 claudicem
1156 3673 1216 3709 aum
1233 3661 1261 3708 at
1276 3658 1319 3706 in-

283 3729 323 3779 28.
358 3727 472 3790 codices,
502 3725 558 3777 sind
589 3723 664 3777 llelte
696 3723 758 3776 oder
808 3725 941 3776 temetum
960 3730 995 3790 ct,
1013 3725 1086 3791 quod
1095 3729 1235 3792 ugmtibm
1253 3728 1320 3780 cala·

249 3789 445 3858 Sebreibtaleln,
463 3807 483 3846 s.
502 3795 517 3858 ξ
536 3796 576 3845 32.
807 3795 846 3842 ris
863 3794 1155 3845 contumeliosissimum
1178 3794 1243 3857 sicil,
1261 3792 1319 3844 lore·

265 3859 423 3920 ¹farciendus
439 3877 511 3927 eam,
528 3861 580 3927 vgl.
598 3863 623 3927 2,
641 3864 665 3913 l.
808 3861 899 3912 dalem
924 3875 1027 3927 quoque
1044 3877 1079 3912 arc
1100 3867 1216 3928 quanter·
1234 3862 1319 3913 tribu·

284 3943 351 3992 quoa
374 3957 407 3966 -
433 3931 595 3993 incursent,
615 3931 757 3980 incursare
807 3930 912 3979 natibus
929 3932 1045 3983 monaci.
