2918 4564
517 245 624 302 curor
642 190 728 312 vus
747 207 821 302 e-s.
1032 201 1033 208 Ν
1161 241 1200 306 81

131 440 238 484 cursus
258 428 355 500 potest
376 439 462 500 quem
483 416 650 492 scierimus,
677 437 737 498 quo
757 420 794 480 sit
820 427 849 480 et
874 437 931 498 qua
957 421 1201 500 perveniendum.

131 507 191 567 Nec
207 506 277 568 satis
292 514 337 566 est
353 525 412 566 non
429 505 566 584 ignorare
578 523 652 584 quae
664 504 724 566 sint
735 521 887 566 causarum
899 504 1078 566 iudicialium
1092 515 1200 587 partes,

130 600 183 651 out
204 591 409 673 quaestionum
431 591 565 651 ordinem
581 597 662 650 recte
677 589 844 669 disponere,
868 607 1044 668 quamquam
1061 590 1200 654 istasunt

130 676 305 755 praecipua;
321 676 370 736 sed
387 675 456 754 quid
473 693 592 754 quoque
607 675 673 735 loeo
689 675 816 754 primum
828 675 866 735 sit
880 693 914 734 ae
925 675 1088 735 secundum
1105 685 1133 736 et
1149 678 1200 738 de·

130 762 247 840 inceps;
271 778 345 839 quae
365 760 403 820 ita
426 768 496 822 sunt
517 768 621 820 natura
642 758 793 839 copulata,
814 767 848 820 ut
867 760 973 820 mutari
992 768 1041 820 eut
1056 760 1199 822 intervelli

15 857 18 882 l
128 845 196 906 siue
211 846 386 906 confusione
403 863 464 905 non
486 844 611 923 possint.
640 843 782 922 Quisquis
802 852 898 904 autem
914 845 957 904 via
973 845 1060 917 dicet,
1076 846 1201 906 ducetur
1221 856 1239 906 t

131 939 199 990 ante
215 931 312 990 omnia
334 947 434 990 rerum
457 930 519 1008 ipsa
535 929 611 989 serie
626 929 705 989 velut
720 930 809 1004 duce3
832 937 955 1009 propter
971 929 1049 1008 quod
1064 930 1200 992 homines

128 1015 216 1075 etiam
240 1015 355 1075 modice
376 1013 526 1075 exercitati
547 1013 682 1074 facillime
705 1022 840 1074 tenorem
856 1015 886 1074 in
903 1015 1122 1076 narrationibus
1137 1034 1200 1076 ser-

128 1108 207 1160 uant.
241 1099 364 1171 Deinde,
380 1099 450 1178 quid
471 1117 589 1178 quoque
608 1099 675 1161 loco
691 1107 849 1178 quaerant,
870 1098 974 1171 soient,
996 1117 1051 1159 nee
1071 1100 1199 1162 eircum-

126 1184 304 1265 speotabunt
320 1203 374 1244 nco
391 1183 584 1244 offerentibus
599 1203 631 1244 se
647 1183 765 1244 aliunde
776 1183 913 1246 sensibus
927 1183 1128 1245 turbabuntur
1143 1204 1200 1246 nco

19 1274 24 1321 t
128 1269 315 1330 confundent
335 1289 370 1330 ex
391 1269 511 1330 diversis
534 1269 698 1330 orationem
719 1268 800 1330 velut
819 1269 957 1330 salientes
978 1270 1036 1329 buc
1058 1269 1198 1331 illuenec

128 1372 253 1432 usquam
272 1353 449 1415 insistentes.
485 1353 638 1415 Postremo
659 1353 814 1414 habebunt
833 1354 954 1415 modum
976 1362 1005 1414 et
1026 1355 1125 1430 linem,
1148 1356 1198 1434 qui
1220 1364 1235 1413 τ

127 1457 192 1498 esse
209 1438 281 1499 citra
296 1438 467 1500 divisionem
484 1438 585 1499 nullus
599 1446 705 1517 potest.
734 1438 865 1518 Expletis
880 1456 935 1518 pro
950 1438 1086 1499 facultate
1102 1441 1199 1500 omni-

129 1521 184 1584 bus
200 1541 274 1601 quae
291 1523 513 1603 proposuerint,
530 1523 700 1602 pervenisse
716 1542 747 1584 se
763 1524 797 1583 ad
814 1523 949 1586 ultimum
964 1523 1102 1591 sentient.

207 1607 250 1667 Et
263 1609 342 1668 baec
352 1607 470 1686 quidem
487 1625 522 1667 ex
537 1615 609 1682 arte,
625 1607 673 1668 illa
686 1626 756 1668 vero
773 1626 808 1668 ex
823 1608 934 1669 studio:
957 1615 990 1668 ut
1006 1608 1120 1688 copiam
1137 1627 1199 1670 ser·

127 1692 225 1752 monis
232 1692 344 1771 optimi,
358 1692 865 1772 quemadmodumpraeceptumest‚
878 1710 1092 1772 comparemus,
1103 1695 1197 1755 multo

125 1795 160 1836 ae
182 1777 260 1837 fideli
283 1777 349 1838 stilo
369 1777 412 1838 sic
432 1777 577 1838 formetur
597 1778 700 1851 oratio,
721 1786 755 1838 ut
769 1778 946 1857 scriptorum
964 1779 1094 1838 colorem
1111 1779 1197 1839 etiam

126 1879 202 1940 quae
214 1861 312 1922 subito
325 1862 416 1924 effusa
426 1861 485 1922 sint
497 1863 635 1939 reddent3
650 1871 684 1924 ut
699 1881 765 1923 cum
779 1863 866 1923 multa
879 1863 1094 1942 scripserimus,
1111 1864 1197 1924 etiam

125 1946 217 2006 multa
230 1945 370 2008 dicamus.
394 1947 467 2008 Nam
480 1948 663 2008 consuetudo
675 1957 704 2009 et
715 1947 884 2008 exercitatio
893 1947 1059 2008 facilitatem
1071 1947 1197 2007 maxime
1218 1951 1235 2005 8
1260 1965 1262 1970 ¹

125 2031 220 2110 parit;
236 2032 350 2110 quaesi
366 2032 486 2111 paulum
508 2032 673 2094 intermisse
688 2031 785 2106 fuerit,
808 2049 868 2092 non
891 2031 1029 2092 velocitas
1043 2031 1092 2092 illa
1108 2032 1196 2092 modo

125 2117 268 2190 tardatur,
289 2117 339 2178 sed
362 2117 460 2196 ipsum
482 2135 513 2177 os
534 2117 594 2177 coit
613 2125 700 2195 atque
721 2115 882 2177 concurrit.
913 2115 1097 2194 Quamquam
1116 2117 1196 2178 enim

102 2327 104 2336 .
126 2280 266 2333 vernulafst
287 2281 329 2334 die
351 2282 552 2350 entsprecbende
574 2282 635 2335 Ver·
685 2282 793 2334 bialiseb
817 2281 968 2349 geworden,
992 2281 1041 2333 wie
1065 2281 1112 2334 das
1130 2282 1196 2334 noch

29 2389 30 2412 ,
125 2349 264 2415 gleichung
275 2351 322 2401 mit
333 2351 503 2416 demjenigen,
521 2351 566 2403 der
578 2350 635 2403 eine
687 2349 816 2416 bdufigere
834 2367 869 2401 ee·
885 2350 1003 2414 diuerso,
1022 2349 1107 2402 sodale
1125 2351 1195 2402 seine

29 2438 30 2483 p
127 2417 205 2468 Fabrt
221 2418 405 2473 uutemehmen
428 2419 482 2470 will
506 2419 556 2470 und
580 2418 635 2470 sich
685 2417 1196 2485 grammatischeEinfdguugindieflon·

126 2499 159 2534 zu
185 2483 242 2534 dem
266 2484 376 2537 Zweclre
400 2487 464 2538 fiber
489 2487 538 2539 den
561 2486 635 2552 Weg,
686 2484 1197 2551 strulrtionniehtmehrgenoubeeebtet

127 2550 175 2602 den
194 2566 222 2602 er
236 2550 398 2618 einsehlegen
411 2553 486 2617 roufs,
502 2554 555 2606 und
572 2555 635 2606 fiber
686 2553 760 2605 wird.
1290 2555 1291 2560 ’

30 2670 33 2687 Υ
127 2619 181 2670 sein
200 2618 255 2670 Ziel
272 2633 354 2686 genae
372 2621 545 2672 nuterriebtet.
720 2625 743 2674 l.
754 2621 1114 2686 Eepletie-propoeueefnt
1132 2621 1197 2670 Pro-

151 2702 293 2738 causarum
298 2688 468 2739 iudicialium
472 2693 573 2754 parter,
578 2686 635 2740 sind
680 2704 783 2754 ponere
795 2687 862 2740 ohne
874 2686 929 2738 Det.
947 2686 1023 2738 heifst
1037 2679 1129 2738 ‘etwas
1141 2687 1195 2739 auf·

127 2769 191 2821 ganz
210 2754 370 2819 hostiumst,
393 2754 494 2836 konnen
518 2757 573 2808 eleo
592 2769 635 2821 ge·
685 2751 794 2818 stellen’,
821 2754 906 2838 spdefs
930 2754 1042 2820 expletis
1062 2755 1117 2872 ὴίξτ
1142 2755 1196 2836 liei-

126 2824 193 2874 lernt
219 2822 336 2887 werden,
361 2824 514 2876 namentlrch
538 2839 635 2890 prooe-
685 2822 829 2875 fsenmnfs:
847 2822 969 2874 necbdem
982 2821 1089 2888 ausgeftt
1108 2825 1194 2876 rtrst.

33 2922 34 2931 .
125 2893 218 2954 mium,
236 2895 371 2954 tractatio,
387 2893 520 2958 probatio,
533 2891 635 2953 refuto·
684 2891 736 2958 vgl.
752 2890 783 2957 V,
798 2894 837 2955 10,
854 2893 911 2942 tou:
928 2907 977 2940 nec
993 2893 1082 2941 minue
1098 2893 1128 2940 in
1146 2893 1196 2942 deo

124 2961 172 3020 tio,
190 2959 321 3024 epilogus,
344 2959 395 3026 vgl.
409 2959 448 3022 111,
461 2961 507 3022 e,.t
521 2958 556 3024 ll,
574 2959 635 3011 aber
685 2975 767 3010 curae
780 2960 854 3010 debet
870 2958 1000 3022 adlucere,
1018 2959 1084 3025 quid
1096 2975 1196 3025 propo-

125 3025 171 3076 dan
183 3027 209 3077 in
222 3026 278 3078 dem
292 3026 428 3093 folgenden
441 3027 577 3094 Fregesate
588 3026 636 3077 sed
684 3028 809 3091 nendum,
827 3041 907 3092 quom
924 3027 1053 3093 quomodo
1070 3029 1108 3078 eft
1124 3029 1197 3094 quod

35 3110 36 3123 ¹
125 3094 193 3159 quid
203 3099 253 3148 cet.
261 3094 413 3148 Entbaltene
425 3096 460 3147 ist
472 3093 635 3161 Gegenstand
685 3098 857 3162 proposueris
872 3095 1046 3160 prodendum.

36 3208 37 3223 ,
125 3162 170 3212 der
186 3162 299 3214 ludheren
317 3163 438 3226 Einsicbt,
461 3179 535 3214 wozu
553 3162 634 3215 Urteil
719 3165 756 3216 et
770 3163 976 3214 baec-studio.
993 3160 1038 3213 Die
1047 3162 1082 3212 im
1091 3162 1194 3214 verber-

37 3268 38 3277 ,
104 3228 176 3279 .und
195 3228 342 3283 Scberfsinn
360 3231 475 3298 augleicb
494 3231 613 3298 gebdren.
686 3231 818 3298 gelrenden
829 3228 1193 3296 eufgestelltenforderungen

160 3302 344 3360 quaestionum
361 3327 395 3337 -
413 3300 560 3365 disponere,
581 3299 634 3366 egl.
685 3299 795 3365 ergeben
812 3298 867 3350 stet
885 3311 932 3348 aus
949 3296 994 3348 der
1011 3295 1129 3361 Theorie,
1150 3313 1195 3362 an-

126 3361 177 3426 Vll,
197 3366 263 3428 10,5
283 3369 447 3430 quaestiones
467 3366 522 3418 sind
538 3367 634 3433 Haupt·
685 3365 1194 3434 derebeenspruebenwissenschaftliche

39 3484 41 3495 ¹
125 3429 232 3496 pnnkte,
249 3431 429 3499 Hauptfregen.
684 3421 778 3501 fJbung
795 3434 847 3487 und
864 3432 1077 3500 Resebtfogung,
1101 3432 1141 3485 die
1159 3434 1195 3484 itu

159 3498 305 3564 intervelli,
328 3501 369 3552 ein
387 3500 496 3552 Verbum
515 3501 560 3553 der
576 3502 635 3568 spti-
685 3501 822 3568 folgenden
841 3503 919 3553 ndber
934 3501 1085 3552 bezeichnet
1101 3502 1143 3554 iet.

125 3570 196 3618 feren
213 3565 341 3621 Latinittt.
719 3571 842 3634 colorem,
859 3570 911 3635 vgl.
930 3573 953 3632 6,
972 3573 995 3622 5.

160 3637 183 3687 6.
200 3636 258 3698 oio,
281 3630 463 3702 ‘plenmtifsig’,
485 3636 526 3686 bei
549 3634 634 3696 Quint.
720 3641 743 3690 8.
762 3635 875 3687 Nam—
885 3639 971 3702 parit,
987 3635 1129 3702 begrfrndet
1146 3651 1194 3688 nur

125 3718 173 3754 nur
189 3700 256 3754 bier:
275 3703 436 3769 verglelcben
448 3702 508 3754 lttst
520 3703 574 3754 siclt
591 3701 634 3753 da·
686 3704 740 3766 des,
757 3719 812 3756 wes
829 3705 993 3756 nnmittelber
1008 3703 1169 3769 verbergeht.

125 3771 172 3820 mit
189 3770 246 3821 loco
263 3786 288 3822 u.
307 3786 329 3823 a.
719 3772 776 3835 illo,
795 3771 835 3822 die
849 3787 880 3823 zu
893 3772 1021 3824 erreicben
1039 3771 1075 3822 iet
1092 3772 1143 3823 und
1156 3787 1199 3824 er·-

160 3853 194 3887 ee
211 3838 331 3905 diversio,
348 3832 437 3890 ‘durch
451 3836 634 3890 Verscbieden·
684 3839 764 3892 reicbt
782 3839 885 3891 worden
903 3839 945 3891 ist.

125 3899 234 3968 artiges’.
268 3907 319 3959 Der
335 3906 471 3959 Ausdruclu
493 3907 528 3958 ist
545 3907 633 3958 adver·
719 3921 748 3959 oe
765 3935 800 3948 -·-
817 3909 966 3971 oonerme't,
984 3905 1037 3972 vgl.
1054 3905 1096 3972 xl,
1114 3911 1137 3973 3,
1148 3911 1199 3960 libr

177 3995 269 4046 Quintil.
277 3998 332 4040 teet.
343 3999 398 4042 oret.
406 3999 455 4041 Lib.
465 3999 490 4040 X.
504 4000 523 4040 5.
531 3997 588 4040 Anu.
919 4049 922 4056 Ι
975 3993 990 4044 6
