2918 4564
445 277 551 330 onnon
569 278 587 330 1.
605 280 620 343 s
640 279 781 331 rie-rer.
816 277 876 345 us
898 283 919 332 r.
938 283 962 333 2.
1194 277 1234 336 55

166 453 254 515 etiem
275 469 394 514 morum
409 453 500 533 gratia
516 453 654 532 legende3
680 454 731 514 scd
754 453 785 515 in
801 451 967 532 eloquendo
984 463 1123 536 corrupte
1138 457 1236 536 plero-

167 547 334 618 qneetqne
356 557 390 600 co
413 539 676 618 perniciosissime,
703 538 783 618 qnod
810 539 961 600 abundent
988 539 1122 602 dulcibus
1149 542 1234 604 vitiis.

166 625 262 686 Velles
285 643 352 685 eum
373 641 427 685 sno
449 624 570 702 iugenio
592 623 707 698 dixisse,
729 623 824 684 alieno
847 623 963 686 iudicio.
1005 623 1078 685 Nam
1100 625 1124 686 si
1139 626 1287 706 eliquati«)

166 709 400 789 contempsisset,
416 709 441 770 si
455 723 560 789 perum
572 727 632 770 non
647 709 843 789 concupisset,
858 709 956 770 sinon
970 709 1069 770 omnia
1081 727 1131 771 sna
1143 727 1236 772 emas-

166 802 220 868 set,
236 795 260 856 si
274 811 375 854 rerum
386 795 518 874 pondere
536 793 744 874 minutissimis
754 793 909 856 sententiis
921 810 982 856 non
998 795 1142 875 fregisset,
1164 813 1236 856 con-

165 895 256 940 sensu
270 879 369 958 potius
385 879 568 940 eruditorum
584 897 671 958 qnam
687 893 850 958 puerorum
865 897 965 940 amore
982 879 1236 960 comprobaretur.

164 963 276 1026 ¹iierum
290 965 333 1026 sio
349 981 468 1042 qnoque
482 964 538 1024 iam
554 963 685 1025 robustis
700 973 729 1025 et
744 965 890 1025 severiore
905 983 1015 1044 genere
1031 965 1100 1028 setis
1116 966 1238 1028 firmetis
1247 971 1289 1023 131

166 1048 310 1128 legendus
321 1049 367 1110 vel
378 1049 454 1124 ideo,
467 1051 545 1127 quod
558 1067 696 1110 exercere
708 1057 805 1128 potest
821 1050 969 1130 utrimque
981 1049 1131 1112 iudicium.
1147 1049 1238 1112 Multa

167 1135 256 1209 enim,
271 1144 305 1194 ut
319 1135 387 1209 dini,
402 1133 557 1214 probando
572 1134 602 1195 in
619 1153 664 1209 eo,
687 1134 778 1195 multe
801 1135 888 1196 etiam
904 1135 1075 1196 admirande
1090 1144 1168 1210 sunt,
1185 1137 1238 1198 eli·

165 1236 237 1299 *gere
252 1221 339 1280 modo
356 1237 444 1280 curae
459 1220 512 1296 sit;
529 1219 608 1299 quod
625 1219 738 1281 utinam
749 1219 812 1299 ipsc
823 1220 949 1282 iecisset.
980 1219 1073 1300 Digna
1089 1222 1168 1282 enim
1183 1223 1239 1283 fuit

167 1305 215 1364 iliu
231 1313 343 1379 notura,
360 1322 434 1383 qnae
450 1305 571 1366 meliore
586 1305 687 1382 veliet3
703 1305 783 1384 quod
798 1305 890 1365 voluit
905 1303 1010 1366 effecit.
1102 1331 1104 1338 ⁴

614 1659 723 1734 Conon
750 1657 788 1735 ll.

482 1811 546 1883 DE
580 1813 922 1886 inlutulottu.

251 1997 296 2060 Ex
318 1999 363 2060 his
384 1999 549 2078 ceterisque
572 1999 699 2061 lectione
720 1999 816 2080 dignis
837 1997 1058 2061 auctoribuset
1078 1997 1238 2062 verborum
1260 2004 1275 2057 1

166 2084 309 2148 sumenda
324 2084 408 2164 copia
420 2093 464 2146 est
476 2093 505 2144 et
516 2085 639 2146 varietas
650 2086 813 2164 figurarum
824 2092 852 2144 et
864 2083 1064 2163 componendi
1075 2084 1159 2160 ratio,
1174 2091 1238 2144 tum

165 2171 202 2232 ad
223 2167 391 2250 exemplum
411 2169 554 2230 virtutum
577 2170 709 2230 omnium
727 2187 812 2230 mens
833 2168 1001 2246 derigenda.
1032 2167 1135 2248 Neque
1158 2169 1238 2230 enim

165 2255 293 2318 dubitari
309 2262 415 2334 potest,
432 2255 503 2333 quin
518 2255 589 2316 artis
604 2273 672 2334 pars
684 2271 789 2333 magne
805 2253 992 2314 contincatur
1007 2251 1237 2315 imitatione.
1260 2256 1263 2266 '

165 2341 238 2402 Nem
254 2349 288 2401 ut
302 2339 435 2401 invenire
456 2340 586 2420 primum
607 2341 662 2400 fnit
684 2347 787 2422 estque
810 2339 1014 2419 praecipuum,
1036 2339 1078 2400 sic
1094 2358 1137 2414 ea,
1161 2358 1236 2419 quae

166 2425 243 2486 bene
259 2426 378 2486 inventa
392 2432 471 2500 suni,
487 2425 557 2486 utile
574 2425 667 2506 sequi.
704 2423 799 2504 Atque
816 2424 913 2485 omnis
926 2423 1001 2484 vitae
1016 2423 1091 2484 ratio
1107 2425 1149 2486 sic
1165 2444 1237 2485 oon·
1260 2429 1276 2481 2

168 2518 234 2584 stat,
249 2520 282 2570 ut
294 2527 369 2588 quae
381 2510 541 2588 probemus
552 2509 582 2570 in
600 2511 671 2584 eliis,
688 2509 784 2570 facere
796 2509 852 2588 ipsi
864 2507 995 2570 velimus.
1013 2508 1061 2570 Sic
1073 2509 1238 2588 litterarum

166 2595 282 2669 ductus,
297 2603 331 2654 ut
345 2593 492 2655 scribendi
504 2595 554 2655 fiet
568 2613 649 2669 usus,
664 2595 749 2674 pueri
761 2602 945 2672 sequuntur;
960 2593 1002 2655 sic
1017 2594 1122 2655 musici
1136 2611 1238 2655 vocem

164 2729 278 2792 dialogi.
306 2725 361 2778 Von
380 2726 468 2778 diesen
480 2726 626 2792 ustionem
643 2726 677 2778 ist
727 2727 812 2788 Quint.
830 2726 865 2777 im
878 2725 1238 2791 Gcgensatzvonpucruuoh

166 2810 216 2847 uns
227 2796 253 2846 in
266 2794 316 2846 den
328 2803 401 2846 sonst
412 2794 571 2846 zablrcichen
583 2793 677 2844 Scbrif·
728 2800 752 2858 5,
766 2798 788 2846 1.
815 2793 873 2860 Vgl.
892 2793 956 2860 Nep.
974 2793 1029 2846 Alc.
1048 2795 1072 2846 2.

167 2870 209 2916 ten
224 2861 335 2914 Senecas
347 2863 431 2914 nichts
443 2863 518 2928 iibrig
534 2861 677 2928 gebiioben.
760 2865 903 2928 utrimque,
913 2862 939 2913 in
949 2861 1132 2930 ,dbcrtregener
1141 2859 1239 2914 Beden-

201 2933 323 2983 dolcitue
342 2932 428 2994 uitiis,
451 2945 484 2982 an
501 2929 677 2996 Eigenbeiten,
723 2933 792 2996 -tung
808 2944 860 2981 von
872 2929 922 2981 den
935 2929 1026 2982 beiden
1038 2930 1239 2982 verschiedenen

167 2999 207 3052 die
225 3013 294 3051 zwor
311 2998 392 3061 viole,
414 2998 554 3051 besonders
568 2999 677 3063 jungere
727 2998 852 3062 Porteieo,
873 2997 961 3064 hiniig
978 2997 1021 3051 bei
1039 2997 1133 3065 Quint,
1151 2997 1238 3050 freber

163 3067 246 3120 ,Lente
271 3065 382 3120 blenden
413 3066 465 3118 und
495 3067 572 3118 ibncn
601 3065 679 3118 nuob-
727 3067 813 3128 nicbt3
831 3065 883 3132 vgi,
903 3070 926 3132 5,
944 3069 984 3119 20.

166 3135 357 3202 obmungswert
374 3135 532 3198 erschcinen,
552 3134 678 3187 trctzden
741 3149 742 3156 ¹
766 3138 788 3187 1.
812 3135 848 3186 cd
872 3135 1021 3204 enormium
1037 3163 1071 3174 «-
1087 3134 1240 3199 timenda,

165 3205 227 3256 eber
244 3204 283 3256 uls
294 3202 385 3256 Febier
396 3219 428 3255 nn
444 3203 600 3256 bezeichnen
611 3201 678 3255 sind.
727 3197 803 3255 ‘noch
825 3201 883 3254 dem
907 3201 1028 3254 Vorbilde
1050 3226 1083 3242 -·
1105 3201 1171 3252 muse
1196 3200 1240 3252 der

204 3272 528 3337 Veiiecmiodicioffieine
538 3269 677 3324 dedenken
729 3269 801 3322 (icini
818 3270 889 3322 scine
901 3267 1029 3336 Ricbtung
1041 3261 1171 3320 erbolien‘.
1198 3267 1240 3332 Vi,

167 3354 254 3391 waren
266 3338 434 3404 vortreiiiicb,
450 3341 506 3392 sein
517 3338 677 3392 Geschmeck
729 3339 753 3403 5,
772 3341 800 3392 2:
819 3339 933 3406 ideoque
943 3353 1000 3402 nos,
1018 3337 1124 3402 quidin
1136 3349 1241 3404 quoquo

165 3405 225 3458 iieis
241 3407 293 3458 viel
311 3421 342 3458 nn
360 3407 500 3460 wunschen
516 3408 599 3475 uorig.
728 3424 759 3458 re
784 3407 945 3472 sequundum
971 3405 1170 3471 cauendumque
1195 3407 1239 3469 cit,

203 3476 259 3526 130.
277 3473 393 3525 Nam-
406 3479 579 3542 concupierat.
614 3475 677 3526 Eine
728 3473 1242 3539 dcccmmacdotncopsdoceotouo‚oi

163 3541 678 3609 beiriedigendcWiederbersteilnngder
728 3543 765 3594 ad
785 3558 817 3592 eo
843 3542 973 3594 iodicium
1000 3541 1145 3606 dirigatur.
1180 3539 1240 3608 Vgl.

167 3609 257 3662 Worte
274 3609 310 3661 ist
327 3609 414 3661 bisber
430 3609 501 3662 nicht
519 3611 654 3678 geiungon.
729 3613 753 3674 t,
766 3613 796 3662 3:
814 3610 863 3660 Ad
878 3610 1066 3678 exemplum
1083 3608 1160 3660 hoissi
1175 3608 1241 3662 necin

162 3707 164 3712 ·
200 3675 678 3744 amoro.vg1.vl‚2,1n:amomi›
728 3677 787 3730 dem
799 3675 929 3740 Verbiide,
947 3675 1242 3742 e.11‚3,12:=ad1’boc-
1269 3695 1272 3698 ·

166 3745 230 3812 dos,
249 3749 349 3798 caritas
366 3731 442 3812 indos.
477 3746 504 3798 in
522 3763 599 3798 umor
615 3747 678 3813 liegt
727 3748 798 3796 uicis
810 3742 943 3795 Homerici
956 3743 1142 3810 exemplem
1152 3745 1243 3797 dicor-c

167 3815 257 3867 immer
270 3813 637 3876 etwoslaeidenscbaitlicbes3
657 3829 678 3866 s.
730 3829 762 3866 oe
788 3812 892 3874 facum
922 3811 1039 3931 dogcffen
1068 3815 1102 3864 in
1132 3827 1242 3864 orcom-
1325 3874 1327 3878 ¹

166 3882 183 3948 ᾖ
201 3883 242 3935 94.
260 3885 283 3946 2,
304 3885 343 3936 19.
728 3881 819 3948 pium
837 3895 895 3932 nom
913 3879 991 3932 Verbi
1004 3879 1044 3946 dc,
1064 3881 1103 3933 uls
1120 3880 1240 3942 Vorbiid;

201 3953 331 4016 robustis,
375 3943 594 4011 ‘Erwncbsonen’3
637 3950 678 4003 bei
730 3950 783 4016 ogi.
801 3949 817 4016 5
836 3951 851 4001 2
870 3947 922 4001 und
942 3951 982 4001 11.
