2918 4564
520 251 627 306 oanan
645 252 696 310 vtt
714 253 730 320 5
751 257 858 308 tt-to.
1178 251 1220 314 88

153 429 252 492 monis
267 436 438 492 contextum
452 429 581 491 mirabor
595 448 745 509 umquam,
761 447 848 509 quem
860 428 1046 509 iurgantibus
1057 432 1143 492 etiam
1153 448 1222 492 mu-

154 513 284 576 lierculis
292 513 421 576 videmus
432 515 629 594 superfluere3
641 533 708 576 oum
719 533 754 576 eo
768 515 857 594 quod,
869 515 893 576 si
906 515 986 575 calor
997 533 1031 576 ao
1041 516 1163 595 spiritus
1173 524 1221 576 tu·

156 600 198 671 lit,
214 599 387 678 frequenter
401 600 515 674 aooidit,
532 608 565 661 ut
575 618 744 661 successum
754 599 984 679 extemporalem
997 601 1139 680 consequi
1151 618 1222 662 eura

156 702 217 746 non
233 684 334 764 possit.
364 685 457 746 Deum
471 693 544 746 tune
565 684 701 759 adfuisse,
723 703 792 746 oum
812 684 840 745 id
857 685 1010 759 evenisset,
1025 693 1140 747 veteres
1155 703 1222 746 ora·
1242 692 1272 743 14

155 779 243 843 tores,
255 777 289 831 ut
300 768 403 832 Cicero
415 769 494 843 dioit,
507 769 632 832 aiebant.
658 771 714 832 Sed
726 769 800 832 ratio
812 769 965 832 manifesta
977 778 1030 832 est
1059 769 1222 831 Nambene

154 853 293 934 concepti
314 855 445 916 adfectus
466 865 495 916 et
517 863 652 918 recentes
673 873 774 916 rernm
793 854 937 934 imagines
951 854 1095 916 continuo
1110 856 1222 936 impetn

155 940 303 1013 teruntur,
319 957 394 1017 quae
417 958 641 1018 nonnumquam
663 957 746 1001 mora
767 939 823 1002 stili
846 939 1045 1019 refrigescunt
1066 948 1095 1001 et
1117 939 1222 1001 dilatae

156 1043 217 1086 non
233 1031 432 1086 revertuntur.
462 1024 570 1104 Utique
585 1043 664 1098 vero,
678 1043 746 1086 eum
760 1024 861 1085 inieiix
874 1025 923 1086 illa
934 1023 1092 1088 verborum
1107 1025 1222 1086 cavilla·

156 1109 197 1170 tio
213 1108 336 1170 aeeessit
351 1117 380 1170 et
395 1127 500 1171 cursus
515 1111 549 1171 ad
565 1109 680 1190 singula
696 1109 815 1188 vestigia
829 1109 946 1182 restitit,
963 1129 1024 1171 non
1039 1118 1137 1189 potest
1151 1109 1223 1171 ferri

153 1202 292 1256 contorta
306 1194 358 1266 vis,
373 1196 433 1268 sed,
450 1203 482 1256 ut
497 1195 606 1274 optime
621 1213 726 1256 voonm
737 1193 920 1272 singularum
931 1195 1015 1256 cedat
1029 1195 1144 1268 electio,
1161 1213 1222 1256 non

154 1279 297 1340 continua
312 1279 363 1340 sed
379 1280 541 1359 composita
556 1291 610 1342 est.
686 1287 689 1292 '

242 1363 339 1434 Quare
360 1363 518 1444 sapiendae
538 1373 609 1426 sunt
623 1363 687 1424 illae
708 1365 744 1424 de
759 1364 867 1442 quibus
881 1364 939 1426 dixi
955 1382 1056 1425 rerum
1071 1365 1223 1444 imagines,
1246 1369 1275 1420 tt

156 1466 230 1526 quas
244 1448 341 1510 vocari
357 1451 545 1534 φαντασίας
560 1448 761 1522 indicavimus,
777 1449 934 1528 omniaque
945 1449 981 1510 de
993 1449 1101 1529 quibus
1116 1449 1224 1511 dicturi

154 1533 266 1596 erimus
281 1551 435 1613 personae,
451 1534 647 1612 quaestiones,
663 1551 740 1614 spes,
756 1543 861 1607 metus,
876 1533 1011 1595 habenda
1026 1535 1057 1598 in
1074 1534 1176 1609 oeulis,
1192 1534 1223 1595 in

155 1618 287 1678 adtectus
302 1617 480 1696 recipienda.
510 1619 615 1680 Pectus
631 1627 675 1680 est
691 1619 779 1692 enim,
802 1618 882 1698 quod
897 1619 1023 1680 disertos
1038 1619 1116 1694 iaoit,
1138 1628 1168 1681 et
1181 1620 1224 1680 vis

157 1701 274 1766 mentis.
303 1701 433 1781 Ideoque
447 1704 591 1784 imperitis
607 1722 735 1783 quoque,
754 1704 779 1765 si
800 1705 888 1766 modo
903 1713 974 1766 sunt
994 1703 1092 1783 aliquo
1106 1706 1224 1766 adiectu

155 1786 307 1860 eoncitat,
328 1786 418 1850 verba
438 1808 500 1850 non
516 1789 633 1850 desunt.
664 1789 739 1866 Tum
762 1789 962 1850 intendendus
976 1790 1100 1864 animus,
1117 1809 1177 1851 non
1194 1791 1225 1852 in
1248 1793 1277 1844 1⁸

155 1871 285 1949 aliquam
300 1890 362 1932 nem
378 1891 467 1936 unam
483 1875 533 1934 sed
549 1877 580 1934 in
595 1873 695 1953 plures
710 1873 796 1936 simui
812 1874 983 1950 continuas3
1007 1886 1049 1949 ut,
1065 1875 1089 1936 si
1103 1893 1159 1954 pen
1173 1875 1226 1936 ali·

159 1974 246 2034 quam
269 1964 378 2018 rectam
400 1959 474 2020 viam
496 1959 647 2020 mittamus
669 1958 779 2030 oeulos,
802 1958 889 2019 simul
905 1959 1003 2020 omnia
1018 1976 1093 2037 quae
1109 1959 1225 2022 suntin

156 2059 192 2102 oa
208 2041 344 2120 circaque
359 2042 518 2115 intuemur,
542 2062 603 2104 non
626 2043 762 2104 ultimum
783 2049 897 2103 tantum
920 2042 1051 2105 videmus
1066 2044 1116 2104 sed
1131 2061 1226 2123 usque

154 2127 192 2188 ad
205 2125 349 2188 ultimum.
378 2127 466 2189 addit
476 2128 513 2189 ad
523 2127 682 2189 dicendum
693 2127 781 2188 etiam
793 2127 889 2208 pudor
900 2120 1043 2203 stimuios,
1059 2129 1226 2208 mirumque

155 2296 255 2360 passim
276 2295 472 2346 taaaultaaentur
490 2311 597 2362 eosque,
620 2297 667 2360 qut
717 2297 793 2346 auius
809 2311 865 2345 noae
877 2299 933 2348 tom
947 2297 1086 2350 vibrarent
1102 2295 1229 2360 fulmina,

154 2362 217 2428 plus
249 2364 359 2413 toneris
390 2362 477 2414 lttmis
506 2365 666 2427 tribuerunt,
717 2366 772 2414 nisi
793 2366 910 2414 numeris
934 2368 1056 2415 contorto
1082 2361 1229 2430 ferrentur,

157 2431 262 2492 ineptos
284 2432 310 2478 et
334 2432 438 2481 ieiunas
462 2435 488 2480 et
513 2431 615 2496 tepidos
642 2435 668 2481 et
718 2445 772 2481 was
791 2429 876 2490 Quint.
894 2429 935 2494 tit,
952 2434 977 2493 4,
995 2435 1026 2483 55
1045 2431 1137 2483 oitiert.

157 2495 287 2560 infirmas,
304 2501 335 2546 ut
347 2498 469 2563 quodque
485 2502 593 2549 aeidum
606 2514 667 2549 oon·
752 2491 1229 2564 contortovia,‘soitwungvolieKrast'.

155 2564 400 2616 tumeliosa’sse'mum
422 2569 552 2630 ooourn‘t,
579 2565 667 2632 appel»
754 2568 882 2616 continua
893 2593 927 2604 -
939 2581 996 2617 eom
1015 2569 1092 2626 osita,
1110 2560 1175 2631 faus
1192 2567 1229 2618 ei·

156 2631 221 2683 tent.
386 2695 394 2714 t
718 2647 777 2686 nem
794 2631 864 2685 ans‘
877 2581 1109 2698 -‘Stdodwerk'),
1127 2633 1229 2687 kdnnen

194 2702 233 2751 13.
250 2697 369 2764 fortuiti,
395 2698 453 2751 auis
471 2695 650 2753 Geratewohl’.
718 2699 804 2752 weder
821 2701 867 2753 ani
881 2704 922 2752 aie
934 2703 999 2753 noch
1017 2702 1063 2754 aui
1078 2703 1168 2754 elsatia
1187 2703 1232 2755 be-

193 2771 357 2830 contessum,
375 2792 409 2814 =
423 2771 552 2821 continua
571 2771 668 2820 oratio.
716 2781 800 2834 zoqen
818 2768 942 2833 werden,
959 2769 1068 2822 sondem
1092 2783 1153 2822 men
1171 2769 1231 2824 liest

193 2850 292 2888 censeo
305 2836 383 2900 quod,
395 2829 480 2888 ‘uozu
492 2835 558 2890 noeh
570 2835 669 2888 kommt
718 2836 848 2888 awisohen
872 2835 921 2890 den
939 2836 1026 2890 Zeiien
1050 2841 1153 2902 oratio3
1177 2839 1230 2906 agl.

158 2896 231 2966 dais’,
249 2901 329 2955 findet
341 2903 396 2956 sich
409 2904 475 2956 noeti
493 2903 608 2956 zweimal
627 2903 668 2955 bei
721 2908 735 2969 ς·
756 2906 795 2957 26.
818 2907 841 2969 1,
858 2906 899 2958 29.

158 2969 255 3036 Quint,
266 2969 407 3024 ausserdem
418 2971 459 3023 bei
470 2969 668 3024 Sebriitstellern
756 2975 786 3024 ta
813 2972 845 3023 de
857 2974 1029 3038 quibasde'es‘,
1041 2972 1081 3038 vt,
1095 2976 1118 3038 Ἰ,
1128 2976 1169 3027 29.
1181 2975 1214 3027 30
1225 2993 1231 3025 :

159 3038 225 3091 nach
236 3038 336 3100 Livius3
355 3039 397 3093 o'ei
409 3038 497 3092 Cicero
513 3055 559 3092 nur
575 3040 600 3091 in
619 3038 668 3092 den
721 3041 792 3104 Quas
801 3044 953 3110 φαντασίας
964 3040 1060 3093 Graece·
1067 3047 1171 3106 voearet,
1182 3057 1231 3094 aas

159 3106 262 3164 Brieien
279 3107 311 3159 ad
328 3107 448 3161 Atticum.
525 3143 527 3150 ·
718 3124 784 3159 suae
794 3111 908 3160 visiones
920 3110 1087 3175 appellemus,
1100 3125 1152 3175 per
1164 3125 1231 3174 quos

195 3175 262 3226 tulit
280 3174 483 3230 liasPeriektmn
495 3174 669 3242 wiedergrie-
719 3179 850 3242 imagines
867 3191 958 3227 reram
970 3179 1120 3236 absentium
1133 3179 1172 3228 tta
1190 3193 1231 3227 re·

159 3242 262 3294 ohisohe
292 3243 379 3296 dosist
411 3245 452 3296 bei
485 3243 668 3296 wiederholten
715 3249 925 3311 praesentantes·
940 3247 1045 3309 animo,
1066 3249 1099 3296 eat
1113 3261 1159 3296 eas
1175 3260 1232 3296 oer-

160 3308 340 3376 Handtungem
365 3311 670 3376 ebens0514aoeessit
718 3329 782 3364 aere
804 3313 890 3364 ¹oeulis
911 3327 943 3363 oe
959 3317 1114 3378 praesentes
1135 3314 1232 3364 tatere

160 3405 194 3416 -
210 3379 319 3432 restitit.
338 3379 362 3444 3,
380 3383 395 3432 6
412 3377 533 3439 resrimit.
721 3381 866 3445 videamur,
887 3382 936 3431 tas
952 3383 1073 3446 quisquis
1089 3383 1153 3432 deae
1170 3395 1232 3432 oon·
1334 3425 1336 3430 ,

197 3446 393 3498 teutmaro
415 3447 490 3498 dicit.
524 3445 593 3500 Letst
615 3446 669 3498 sich
721 3449 834 3514 oeperit,
859 3450 884 3498 e‘s
906 3451 959 3500 erit
974 3452 1003 3500 in
1021 3447 1170 3510 adfeeta‘bsas
1181 3463 1233 3514 po-

159 3512 231 3565 nioht
247 3513 418 3566 naehweisen.
721 3518 889 3568 lentissimae.
1131 3551 1133 3558 κ

193 3596 283 3634 reram
292 3584 430 3647 imagines,
445 3575 668 3647 ‘Vorsteliungen'.
754 3585 848 3634 Peotas
865 3611 898 3622 -
914 3586 1021 3648 mentis,
1043 3585 1084 3637 ein
1101 3583 1234 3652 Hyperba-

193 3647 414 3714 refrigesaaat—
425 3651 604 3712 revertamur,
617 3647 669 3714 agl.
721 3656 774 3703 ton.

160 3719 184 3783 3,
202 3720 226 3772 6.
245 3719 285 3770 33,
759 3722 798 3772 16.
817 3720 949 3784 cereoque.
979 3717 1084 3770 Hiermit
1101 3719 1167 3772 kann
1185 3735 1234 3772 nur

193 3783 264 3845 ferre·
280 3815 313 3824 -
330 3787 377 3838 ais.
412 3783 463 3836 Das
481 3781 538 3836 Bild
560 3783 595 3836 ist
615 3784 671 3836 her·
719 3786 768 3838 dus
790 3785 903 3852 qemeint
921 3786 990 3852 sein,
1013 3802 1068 3840 was
1090 3803 1123 3840 au
1141 3788 1235 3842 beiden
1307 3817 1309 3820 ·

160 3865 312 3916 aenommen
323 3867 382 3906 vom
393 3851 556 3918 Schlendern,
568 3851 671 3905 ihnlioh
723 3853 812 3906 Seiten
829 3852 874 3906 der
891 3852 987 3908 Streiso
1005 3855 1060 3908 sicia
1077 3854 1199 3909 betindet.

161 3917 249 3972 Cicero
262 3919 330 3974 Orat.
344 3924 384 3987 tu,
395 3923 458 3976 234:
476 3920 671 3987 Demosthenes,
754 3922 844 3990 pudor
859 3916 1027 3989 ‘Ehrgetdhi‘.

996 4008 1027 4062 6*
