2918 4564
546 249 663 320 ,emur
680 249 709 301 n.
728 250 744 316 ι
763 253 855 304 ι-ιι.
1193 246 1238 306 ιι

163 424 355 500 haberemus;
380 423 494 485 ratibus
516 425 613 486 adhuc
634 424 852 503 navigaremus;
880 443 941 484 non
957 435 1034 486 esset
1048 427 1164 506 pictura
1177 426 1235 490 nisi

164 527 239 587 quae
253 510 346 571 hueas
359 509 447 570 modo
464 519 608 572 extremas
622 509 754 584 umbrae,
776 528 863 588 quam
884 528 1012 589 corpora
1025 511 1057 572 in
1073 513 1134 573 sole
1148 515 1235 578 fecis·

164 603 239 670 sent,
260 594 527 656 circumscriberet.
563 595 607 656 hc
627 595 653 656 si
680 595 779 656 omnia
801 593 991 674 percenseas,
1018 596 1102 657 nulla
1128 600 1236 662 mansit
1257 603 1272 655 8

164 699 221 753 ars,
237 680 331 758 qualis
345 679 465 741 inventa
480 688 533 754 est,
550 699 606 742 nec
621 680 700 740 intra
714 679 832 741 initium
847 680 927 742 stetit
933 698 942 756 ;
964 680 1020 742 nisi
1042 682 1119 742 sorte
1135 694 1236 745 nostra

164 765 349 844 potissimum
369 773 504 845 tempora
525 765 700 826 damnamus
720 765 809 826 huius
828 765 1017 840 infelicitatis,
1039 775 1073 826 ut
1087 785 1169 828 nunc
1184 769 1235 830 de·

165 867 247 910 mum
262 849 336 910 nihil
350 858 472 912 crescat.
503 850 582 912 Nihil
601 859 702 914 autem
723 850 830 911 crescit
845 849 907 912 sola
921 851 1093 913 imitatione.
1124 851 1236 923 Quodsi
1257 860 1273 910 9

164 935 314 1013 prioribus
329 935 444 996 adicere
459 936 503 996 tas
519 955 580 997 non
596 944 649 1009 est,
672 937 821 1014 quomodo
844 954 966 1015 sperare
980 955 1138 1015 possumus
1153 938 1236 1001 illum

165 1029 314 1081 oratorem
329 1016 515 1116 perlectum?
531 1040 600 1082 cum
614 1021 645 1081 in
661 1021 716 1096 his,
733 1040 808 1099 quos
823 1021 966 1083 maximos
980 1022 1076 1082 adhuc
1092 1023 1237 1096 novimus,
1279 1037 1283 1080 ῑ

165 1124 253 1167 nemo
269 1105 307 1166 sit
320 1106 466 1179 inventus,
482 1105 512 1166 iu
529 1124 588 1184 quo
610 1105 685 1166 nihil
704 1114 755 1167 aut
774 1107 959 1168 desideretur
972 1116 1023 1167 aut
1036 1108 1237 1186 reprehenda-

164 1199 222 1251 tur.
253 1177 312 1251 Sed
324 1191 412 1252 etiam
423 1190 474 1269 qui
485 1209 600 1252 summa
610 1210 672 1252 non
671 1191 839 1288 adpetent,
846 1193 1028 1253 contendere
1039 1192 1137 1271 potius
1149 1211 1238 1271 quam

165 1294 250 1354 seqm
242 1275 384 1338 debent.
413 1275 487 1338 Nam
503 1275 553 1354 qui
574 1277 632 1337 hoc
652 1259 720 1356 apit,
742 1287 775 1338 ut
794 1277 878 1356 prior
898 1277 944 1350 sit,
967 1277 1101 1352 forsitan,
1124 1279 1238 1340 etiamsi
1260 1284 1288 1336 10

166 1379 228 1420 non
243 1362 402 1436 transierit,
418 1361 570 1440 aequabit·
593 1379 661 1423 cum
682 1380 752 1423 vcro
775 1380 864 1422 nemo
883 1370 982 1440 potest
997 1381 1132 1459 aequare,
1155 1364 1239 1426 cuius

165 1446 293 1526 uestigiis
308 1447 365 1510 sibi
379 1447 483 1544 utique
494 1447 691 1534 insistendrun
702 1455 794 1527 putat.
823 1446 949 1508 Necesse
961 1455 1006 1508 est
1017 1447 1106 1523 enirn,
1122 1467 1240 1528 semper

165 1531 204 1592 sit
224 1533 372 1611 posterior
394 1531 444 1610 qui
466 1525 614 1612 seqnitur.
651 1531 733 1593 Adde
761 1532 840 1628 quod
862 1531 1038 1611 plerumque
1060 1533 1174 1595 facilius
1194 1543 1240 1596 est

163 1617 262 1694 plusf
259 1635 344 1678 acere
361 1635 449 1713 quam
463 1617 550 1676 idem.
580 1616 706 1678 Tantam
720 1617 799 1678 enim
815 1616 1019 1680 difficultatem
1033 1617 1123 1679 habet
1137 1619 1239 1680 simili·

166 1701 248 1776 tudo,
263 1710 296 1762 nt
311 1721 350 1762 ne
364 1701 428 1780 ipsa
443 1702 561 1779 quidem
577 1711 682 1763 natura
697 1702 727 1763 in
751 1703 809 1764 hoc
828 1703 869 1764 ita
891 1703 1039 1778 evaluerit,
1061 1715 1095 1764 ut
1115 1724 1176 1766 non
1191 1723 1240 1766 res

168 1804 243 1864 quae
258 1786 431 1860 simillimae,
448 1804 583 1866 quaeque
598 1805 685 1866 pares
700 1788 825 1850 maxime
838 1789 1001 1863 videantur,
1017 1789 1120 1867 utique
1135 1789 1239 1851 discri-

167 1871 248 1932 mine
261 1871 360 1950 aliquo
376 1871 593 1933 discernantur.
623 1872 704 1933 Adde
719 1874 808 1952 quod,
825 1873 968 1952 quidquid
980 1874 1065 1934 alteri
1079 1874 1174 1936 simile
1187 1885 1240 1946 est,
1263 1878 1291 1930 11

168 1973 291 2018 necesse
314 1967 358 2018 est
378 1957 478 2018 minus
498 1957 536 2018 sit
559 1977 604 2032 eo,
627 1957 708 2036 quod
729 1958 869 2030 imitatur,
892 1967 925 2018 ut
945 1958 1051 2018 umbra
1071 1977 1197 2037 corpore
1213 1969 1242 2018 et

168 2041 265 2120 imago
287 2042 362 2102 facie
387 2050 416 2102 et
436 2050 519 2103 actus
539 2043 718 2104 histrionum
732 2043 816 2104 veris
824 2043 994 2104 adfectibus.
1025 2041 1157 2113 Quod'in
1175 2061 1242 2105 ora·

168 2126 301 2188 tionibus
316 2145 435 2206 quoque
451 2123 556 2188 evenit.
585 2126 719 2206 Namque
742 2127 793 2201 iis,
817 2135 892 2205 quae
913 2127 945 2187 in
966 2127 1133 2207 exemplum
1155 2128 1242 2190 adsu-

168 2213 285 2286 mimus,
302 2212 404 2274 suhest
419 2225 523 2272 natura
538 2220 568 2274 ct
583 2230 651 2272 vera
665 2212 723 2288 vis;
738 2219 843 2274 contra
858 2213 955 2273 omnis
966 2211 1091 2273 imitatio
1106 2213 1183 2274 lacta
1198 2221 1243 2284 est

169 2308 199 2360 et
219 2298 255 2357 ad
274 2297 404 2358 alienum
425 2297 612 2376 propositum
632 2298 883 2358 accommodatur.
916 2297 997 2368 ¹Quo
1018 2298 1065 2372 ht,
1091 2306 1125 2358 ut
1145 2299 1244 2360 minus
1265 2305 1293 2355 12

169 2383 323 2462 sanguinis
337 2401 372 2444 ac
381 2383 488 2444 virium
500 2383 727 2445 declamationes
738 2382 868 2443 habeant
879 2400 967 2462 quam
980 2383 1145 2459 orationes;
1162 2383 1242 2462 quod

170 2468 201 2528 in
224 2467 280 2528 illis
299 2486 378 2541 vcra,
399 2469 430 2528 in
451 2467 496 2528 his
518 2468 679 2530 adsimilata
697 2469 820 2529 materia
834 2476 887 2529 est.
918 2467 999 2528 Adde
1014 2469 1094 2546 quod
1109 2485 1151 2542 ea,
1168 2487 1242 2547 quae

170 2553 201 2612 in
218 2561 334 2613 oratore
349 2553 473 2612 maxima
487 2564 566 2628 sunt,
582 2553 734 2615 imitabilia
749 2572 810 2614 non
826 2561 906 2626 sunt,
922 2552 1084 2631 ingenium,
1101 2552 1242 2627 inventio,

170 2637 222 2710 vis,
235 2636 358 2710 ¹lacihtas
370 2646 400 2696 et
410 2637 553 2715 quidquid
564 2646 627 2698 arte
639 2658 701 2700 non
712 2638 849 2698 traditur.
877 2637 1005 2715 Ideoque
1018 2636 1162 2715 plerique,
1175 2655 1243 2698 curn
1265 2643 1293 2695 tt

171 2722 261 2783 rerba
275 2721 417 2800 quaedam
434 2741 469 2781 err
484 2722 669 2784 orationibus
683 2729 896 2800 excerpserunt
907 2730 957 2781 aut
968 2721 1082 2798 ahquos
1095 2722 1243 2801 composi-

171 2806 261 2868 tionis
276 2814 375 2866 certos
390 2806 489 2884 pedes,
505 2807 579 2867 mire
602 2826 618 2868 a
639 2826 670 2870 se
685 2825 760 2886 quae
775 2807 911 2886 legerunt
927 2806 1028 2886 effingi
1043 2806 1242 2868 arbitrantur:

172 2911 241 2953 cum
256 2900 286 2952 et
299 2890 389 2953 verba
403 2891 582 2953 intercidant
602 2892 840 2971 invalescantque
860 2891 1053 2971 temporibus,
1069 2900 1101 2952 ut
1116 2911 1244 2971 quorum

171 2977 335 3040 certissima
350 2977 387 3038 sit
401 2976 503 3054 regula
516 2977 548 3037 in
564 2977 788 3048 consuetudine,
810 2995 903 3056 eaque
917 2997 980 3039 non
995 2996 1049 3038 sua
1064 2987 1169 3076 natura
1184 2977 1244 3039 sint

206 3107 480 3191 linem-sechem,
474 3107 682 3162 eiueUmschrei·
767 3109 949 3175 quidquid—
968 3111 1095 3174 caditur,
1113 3126 1168 3164 was
1185 3127 1245 3164 man

172 3179 242 3245 hung
259 3194 311 3230 von
338 3169 559 3232 Schattenrisseu'.
733 3178 788 3232 also
806 3193 857 3229 von
871 3177 951 3230 Natur
966 3177 1067 3241 besitzt,
1086 3178 1148 3230 oder
1165 3178 1244 3230 durch

206 3249 230 3299 8.
247 3263 320 3298 nune
337 3247 449 3313 braum,
462 3248 530 3312 jetzt
546 3246 647 3313 gerade.
732 3233 826 3312 Ubung
843 3246 951 3312 erlangt.

208 3316 233 3367 9.
251 3319 387 3366 oratorem
396 3315 564 3380 perfeetum,
583 3315 680 3381 s..§28
769 3317 808 3367 ta.
827 3317 1040 3380 compositionis,
1057 3306 1109 3364 ‘ein
1127 3311 1246 3378 Wortge·

209 3383 249 3432 10.
255 3381 447 3446 Addequods
456 3383 645 3465 EinleitungS.
643 3387 681 3436 13.
733 3375 800 3448 ldge’
820 3383 873 3449 vgl.
891 3382 949 3450 §t

211 3447 323 3499 Tantum
335 3449 524 3511 difficultatem
535 3453 621 3513 babet,
637 3445 682 3502 ‘ist
767 3467 827 3502 euna
845 3455 870 3500 et
887 3453 936 3502 cet.
963 3449 1013 3502 Uer
1026 3447 1245 3502 einschrlnhende

174 3531 203 3568 so
221 3517 322 3568 schwer
340 3517 519 3582 hernustellen,
536 3535 565 3570 so
582 3489 684 3571 selten’.
733 3518 884 3572 Kausalsatz
899 3518 1018 3584 schleppt
1038 3518 1105 3569 nach
1121 3516 1180 3568 dem
1197 3514 1246 3567 Ge·

209 3586 413 3638 discrimine-
437 3587 638 3650 decernantur,
663 3601 684 3638 s.
735 3584 856 3638 schmack
882 3585 928 3637 des
955 3587 1083 3638 silbernen
1112 3573 1245 3635 Zeitalters

171 3651 320 3718 Einleitung
338 3651 364 3705 S.
384 3656 423 3705 13.
734 3653 877 3713 hinterher;
896 3655 993 3710 ebenso
1011 3655 1028 3719 5
1047 3655 1087 3706 13.
1117 3651 1186 3704 Uber
1197 3650 1247 3704 den

211 3725 249 3774 11.
275 3668 348 3788 qugcd
368 3716 535 3786 inritatur,
542 3722 597 3774 sein
622 3719 710 3774 Vcr-
735 3720 875 3774 Gedanken
893 3722 945 3787 vgl.
962 3721 1021 3773 Hor.
1034 3721 1083 3772 Ars
1100 3724 1170 3786 poet.
1189 3718 1246 3774 101.

174 3783 244 3842 bild’.
281 3788 391 3855 Subjckt
406 3791 442 3844 ist
457 3790 591 3858 quidquid
606 3790 686 3840 αιιιιι·
769 3791 900 3840 uerba—
867 3791 1094 3856 dampnorum,
1118 3787 1169 3855 ιιι
1187 3787 1246 3840 Ηοι.

173 3859 259 3910 simile
276 3864 322 3911 est.
736 3857 785 3910 Ars
803 3861 873 3925 poet.
891 3860 956 3911 60-
960 3861 1001 3911 tt.

211 3929 251 3982 11.
269 3932 318 3990 ιιι,
336 3927 388 3994 vgl.
407 3927 483 3994 525.
504 3932 526 3991 l,
547 3929 602 3980 1118.
777 3941 869 3991 eaque.
881 3925 955 3977 Ein
977 3912 1114 3991 Ubergang
1141 3923 1186 3976 der
1208 3938 1247 3974 re-
