2918 4564
521 241 629 295 CAPUT
647 242 664 294 l.
682 242 700 308 ξ
717 245 827 298 44·-1Ί.
1167 243 1207 304 29

140 418 304 480 differentia
320 418 460 480 disseram
474 417 653 496 diligentius,
673 435 741 478 cum
755 416 916 494 degenere
931 418 1047 481 dicendi
1062 440 1209 500 quaeren-

140 504 210 563 dum
227 503 291 564 erit.
322 503 443 563 Interim
459 502 640 575 summatim,
657 520 674 560 a
689 519 747 579 qua
761 501 889 562 lectione
903 511 1005 582 petere
1020 507 1143 582 possint,
1159 507 1210 586 qui

142 589 318 650 confirmare
340 588 506 649 facultatem
529 587 646 648 dicendi
668 586 783 658 uolent,
806 587 958 664 attingam.
996 588 1109 651 Paucos
1130 595 1211 652 enim

142 677 276 752 quisunt
291 673 515 734 eminentissimi
531 689 692 749 excerpere
703 671 734 730 16
751 671 850 732 animo
866 682 919 732 est.
945 672 1041 734 Facile
1057 685 1102 735 est
1116 684 1213 736 autem
1234 685 1269 732 16.

141 758 295 829 studiosis,
319 757 370 834 qui
393 758 453 817 sint
472 757 519 818 his
538 756 657 830 similes,
677 755 823 830 iudicare;
846 757 1053 835 nequisquam
1072 769 1214 838 queratur

143 842 266 902 omissos
280 844 357 902 lorte
372 841 486 920 aliquos
501 861 570 922 quos
584 842 648 921 ipse
663 841 744 902 vulda
759 840 876 920 probet.
902 841 1009 903 Fateor
1020 843 1101 904 enim
1113 845 1213 924 plures

144 926 285 1005 legendos
300 945 374 1000 esse,
390 945 476 1004 quam
493 927 544 1005 qui
560 946 577 986 a
591 945 638 987 me
654 925 900 986 nominabuntur.

229 1011 287 1072 Sed
302 1029 385 1071 nunc
399 1029 511 1090 genera
525 1012 589 1090 ipsa
603 1011 775 1085 1661166616,
792 1029 868 1089 quae
881 1012 1039 1091 praecipue
1054 1015 1214 1074 convenire

144 1095 377 1169 intendentibus,
393 1108 427 1157 ut
441 1106 575 1157 oratores
589 1098 671 1167 liant,
685 1096 859 1170 existimem,
876 1115 1047 1175 persequar.

229 1181 323 1259 igitur
337 1189 370 1240 ut
381 1183 488 1243 Aratus
503 1181 539 1242 ub
552 1182 620 1242 love
629 1180 831 1259 incipiendum
847 1189 940 1259 putat,
956 1182 994 1242 ita
1010 1202 1066 1242 nos
1079 1183 1135 1242 rite
1146 1202 1216 1244 coe·
1238 1193 1268 1242 16

144 1267 225 1346 pturi
240 1266 277 1326 ab
289 1265 446 1326 Homero
458 1267 600 1327 videmur.
623 1265 678 1326 Hic
690 1266 778 1339 enim,
790 1267 1038 1343 quemadmodum
1048 1287 1084 1327 ex
1096 1267 1216 1328 Oceano

145 1350 215 1410 dicit
235 1351 299 1431 ipse
313 1351 446 1411 amnium
460 1352 647 1429 fontiumque
667 1367 774 1410 cursus
793 1350 912 1410 initium
933 1365 1054 1431 capere,
1077 1351 1218 1414 omuibus

145 1435 331 1514 eloquentiae
352 1436 487 1515 partibus
506 1435 676 1514 exemplum
698 1445 727 1494 et
748 1445 847 1494 ortum
861 1435 949 1495 dedit.
980 1437 1069 1496 Hunc
1084 1456 1171 1498 nemo
1186 1437 1217 1497 in

145 1521 262 1598 magnis
274 1520 365 1581 rebus
375 1521 563 1595 sublimitate,
579 1521 608 1580 in
623 1519 720 1598 parvis
732 1518 912 1597 proprietate
924 1522 1114 1598 superaverit.
1137 1521 1218 1582 ldem

146 1605 240 1666 laetus
255 1623 440 1682 ac-pressus,
462 1605 612 1666 iucundus
626 1615 655 1664 et
670 1604 781 1681 gravis,
804 1612 866 1664 tum
890 1605 974 1684 copia
996 1615 1060 1666 tum
1078 1606 1219 1668 breuitate

147 1689 304 1761 mirabilis,
321 1707 377 1748 nec
392 1689 506 1767 poetica
522 1690 610 1750 modo
625 1690 678 1750 sed
694 1689 821 1748 oratoria
836 1689 944 1750 virtute
959 1691 1219 1753 eminentissimus.

148 1772 220 1833 Nam
243 1784 276 1833 ut
290 1773 335 1832 de*
349 1773 499 1849 laudibus,
523 1773 791 1845 exhortationibus,
814 1775 1070 1837 consolationibus
1091 1787 1220 1837 16666161
1243 1784 1272 1834 tt

150 1876 252 1918 nonne
271 1858 317 1918 vel
332 1876 430 1920 nonus
444 1859 528 1933 liber,
545 1878 604 1938 quo
619 1859 706 1920 missa
721 1859 756 1918 ad
768 1859 902 1920 Achillen
918 1861 1024 1937 legatio
1040 1862 1220 1934 continetur,

150 1943 195 2002 vel
210 1943 241 2003 in
257 1942 352 2020 primo
369 1944 448 2003 inter
460 1945 552 2004 duces
567 1944 616 2004 illa
625 1942 779 2003 contentio
794 1943 840 2002 vel
855 1944 949 2003 dictae
963 1944 1139 2006 insecundo
1153 1965 1221 2013 sen-

184 2074 312 2124 disseram
322 2075 488 2140 diligentius,
499 2075 661 2140 xll‚10,63t.
747 2075 815 2124 dieii
831 2077 894 2140 ipse,
911 2074 938 2126 ll.
957 2075 1022 2141 xxi,
1041 2079 1098 2131 196.

184 2145 225 2193 45.
256 2143 383 2192 studiosis
409 2144 476 2194 ohne
505 2143 662 2208 abhinssiges
746 2145 925 2208 proprietate,
963 2137 1223 2210 ‘Angemessenheit';

151 2209 663 2276 substantivumstehtzurliezeichnung
714 2209 799 2270 Quint.
815 2207 940 2275 V111,2,1
961 2212 1082 2264 6111161611
1100 2228 1128 2264 es
1146 2213 1224 2264 durch

151 2277 258 2342 dessen,
281 2277 327 2330 der
344 2278 400 2330 sich
418 2279 476 2330 eine
497 2279 593 2332 11611616
611 2278 664 2330 Bil-
713 2294 763 2328 666
782 2281 911 2344 cuiusque
927 2283 970 2329 rei
987 2281 1141 2346 appellatio.
1176 2280 1225 2333 Der

152 2346 221 2411 dung
239 2346 398 2412 ananeignen
416 2346 533 2400 bestrebt
550 2347 592 2411 ist,
610 2347 662 2413 vgl.
715 2345 858 2412 Gegensatz
885 2347 920 2398 ist
942 2348 1102 2412 milimitne,
1129 2350 1225 2402 eberiso

152 2417 176 2476 3,
187 2416 227 2466 ³2.
246 2412 298 2478 llll,
311 2418 348 2477 11,
359 2417 390 2466 at
405 2417 446 2474 (an
461 2415 551 2466 beiden
565 2414 663 2466 Stellen
715 2416 731 2478 ξ
748 2417 791 2477 64,
810 2415 901 2466 undere
919 2414 935 2482 6
954 2421 977 2466 o.
996 2418 1037 2468 29.
1055 2421 1079 2480 5,
1094 2421 1117 2469 8.

152 2481 179 2532 in
213 2479 377 2548 Verbindung
409 2483 456 2534 mit
486 2485 614 2548 iuuenis),
645 2481 663 2544 l,
749 2483 842 2546 166166,
858 2476 997 2545 ‘bldhend',
1016 2485 1070 2534 hier
1087 2500 1138 2535 von
1157 2486 1227 2536 einer

153 2547 549 2614 Ρ166616.2311,16,15.Χ11,
569 2552 663 2614 totu
716 2549 813 2600 Person
842 2556 946 2615 gesasst,
981 2551 1144 2615 gewdhnlich
1175 2567 1227 2604 von

189 2617 339 2666 1661166666.
374 2616 424 2667 lter
435 2615 504 2670 Plur.
523 2619 564 2669 bei
578 2616 665 2678 Quint.
718 2616 825 2678 Suchen,
844 2616 896 2682 vgl.
906 2615 947 2680 Xl,
959 2622 981 2680 1,
991 2621 1024 2669 34
1042 2619 1091 2668 iliu
1104 2617 1227 2681 iustiora,

109 2709 112 2714 ·
155 2698 201 2734 nur
219 2698 251 2733 66
269 2681 352 2734 dieser
367 2681 455 2746 Stelle,
474 2700 515 2735 wc
534 2685 580 2736 das
593 2684 666 2736 Wort
719 2685 810 2748 qualia
829 2702 846 2734 a
862 2684 989 2735 Cicerone
1006 2686 1135 2736 dicuntur
1150 2681 1228 2738 ‘sanan

155 2751 181 2801 in
199 2750 316 2816 passiver
328 2749 480 2817 Redeutung
498 2751 543 2804 dus
556 2767 611 2802 was
623 2767 668 2817 ge·
718 2755 799 2816 atque
809 2752 967 2802 solitudines
978 2757 1038 2804 oeci
1046 2749 1230 2818 responderi,

5 2809 8 2813 ’
43 2837 45 2842 ·
155 2819 226 2869 lesen
245 2817 310 2868 wird
334 2819 493 2872 bezeichnet.
529 2817 587 2885 Vgl,
606 2815 667 2872 Geel.
720 2819 764 2870 der
791 2818 933 2884 Gegensutz
965 2821 1001 2872 ist
1028 2838 1146 2886 pressus,
1177 2815 1231 2888 ‘ge-

69 2902 71 2906 ·
155 2886 242 2938 lustin.
262 2883 300 2950 Vl,
313 2888 354 2950 61,
367 2891 395 2938 5:
414 2887 525 2940 (16666666
535 2890 605 2938 iuris
617 2889 667 2938 lec·
721 2877 822 2952 dringt‘
841 2883 944 2954 ‘ltcapp‘
962 2879 1079 2940 ‘einlach'
1100 2890 1230 2956 661641,

156 2956 274 3005 tionibus
290 2981 325 2992 -
340 2957 487 3020 probare..
720 2954 761 3006 die
778 2959 925 3020 Ausurtung
945 2955 1104 3008 tamaricem
1119 2957 1171 3021 ΧΠ,
1193 2962 1229 3022 16,

190 3024 233 3074 46.
251 3023 362 3086 Arana,
380 3039 400 3074 s.
419 3025 434 3088 5
453 3028 494 3077 to.
529 3023 671 3089 6166636-
720 3026 765 3076 80:
785 3024 872 3075 laeta
891 3039 946 3074 raon
964 3025 1161 3090 incuriosa,
1180 3025 1230 3078 und

156 3089 260 3142 ldhrten
273 3089 361 3142 Worte
380 3091 437 3142 sind
455 3091 499 3142 der
509 3091 611 3158 Aulaug
625 3091 670 3144 der
720 3095 864 3156 corruptus
882 3095 906 3155 2,
928 3095 965 3144 16.

157 3149 670 3228 Ρ116666166666Ἐκάιὸ6ἇρχ66μ666.
755 3162 796 3210 tt.
822 3158 850 3210 lu
872 3158 969 3212 diesem
993 3161 1010 3224 §
1033 3160 1090 3211 sind
1113 3160 1154 3214 die
1178 3160 1231 3212 drei

158 3223 282 3278 basselbe
294 3226 422 3278 61161616,
441 3226 473 3277 de
485 3228 584 3292 republ.
598 3233 618 3289 1,
629 3230 669 3279 36.
721 3225 948 3296 Hauptgaltungen
966 3227 1011 3278 der
1027 3227 1111 3291 Rede,
1133 3228 1233 3282 welche

193 3296 320 3358 coepturi,
339 3293 393 3347 dies
407 3293 518 3346 Verbum
535 3291 586 3348 und
604 3297 672 3346 inci·
722 3311 773 3346 von
801 3295 851 3346 deo
873 3293 1042 3348 Rhetorikern
1069 3295 1232 3361 gewdhrilich

158 3361 671 3496 ttttt'ittttttit‘itttitt
722 3363 1231 3495 titiiitttt‘ittdttltttt

430 3468 435 3478 ·
1074 3469 1082 3494 r

161 3493 207 3546 des
220 3494 355 3546 Futurums
372 3495 458 3548 Actiri
476 3497 544 3548 ohne
561 3514 615 3548 esee
633 3514 671 3548 er·
724 3500 809 3548 ticum
828 3500 885 3548 siue
905 3501 1058 3550 eumerium
1084 3499 1136 3550 und
1163 3499 1235 3550 iudi·

96 3597 107 3610 .
161 3561 461 3615 setzidenlnlinitivdes
471 3561 608 3616 Fumrums
620 3564 672 3618 und
724 3565 805 3623 etaim
820 3565 861 3615 die
874 3565 1047 3616 betreffendeu
1061 3565 1161 3618 Scenen
1174 3566 1236 3618 heht

161 3628 241 3682 findet
254 3630 307 3682 sich
321 3630 385 3681 such
397 3629 438 3695 Vl,
448 3628 564 3683 Prooem.
577 3635 588 3682 1
603 3633 673 3682 hace
724 3631 891 3692 0616161661
903 3647 994 3697 wegen
1006 3633 1074 3684 ihrer
1085 3634 1236 3698 poetiechen

163 3700 291 3763 optimam
304 3702 413 3764 partem
429 3698 577 3750 relicturus
599 3701 673 3750 ltere-
725 3699 843 3763 Vorzdge
861 3699 966 3759 hervor,
985 3700 1095 3752 sondern
1112 3701 1238 3754 uielmelur

162 3765 382 3821 ditatisvidabar.
400 3764 432 3830 V,
441 3765 675 3818 Prooem52Eiur
725 3766 845 3831 deshulb,
871 3767 932 3818 weil
957 3767 985 3818 in
1005 3767 1083 3820 ihnen
1109 3769 1149 3822 616
1174 3767 1238 3821 Vor-

159 3841 303 3950 ppdaeeepta
328 3837 368 3886 sic
397 3836 497 3900 optimo
525 3835 676 3886 divisuri
725 3833 895 3886 bildlrirulle
908 3833 1121 3902 Redegettungen
1139 3837 1239 3890 enthel-

163 3904 191 3949 6·
210 3918 284 3953 maur
301 3919 326 3954 6.
343 3918 366 3955 a.
726 3906 771 3953 len
787 3901 830 3954 ist.
924 3923 932 3928 ·
