2918 4564
513 255 620 308 otrur
637 257 655 310 1.
673 257 690 323 ι
709 259 819 310 ar-n.
1159 254 1199 312 27

130 431 262 512 singulos
283 431 392 491 infiniti
414 431 503 491 fuerit
522 430 630 510 operis.
657 429 774 509 Quippe
796 448 864 490 cum
879 431 909 490 in
926 430 1019 490 Bruto
1035 431 1072 490 M.
1089 431 1203 493 Tullius
1224 443 1252 494 38

130 525 174 578 tot
188 515 308 594 milibus
321 533 460 576 versuum
482 515 519 576 de
534 515 675 576 Romanis
689 523 805 575 tantum
828 514 994 576 oratoribus
1014 515 1153 593 loquatur
1173 526 1202 577 et

129 611 228 662 tamen
244 602 280 661 de
295 599 433 661 omnibus
448 599 550 662 aetatis
564 611 643 674 suae,
659 598 837 678 quibuscum
850 599 1119 679 vivebat'exceptis
1130 601 1202 662 Cae-

131 705 197 748 sare
212 694 300 764 atque
315 685 461 759 Marcello,
478 685 629 745 silentium
644 684 753 763 egerit:
769 684 835 762 quis
850 684 907 744 erit
921 685 1036 759 modus,
1052 685 1075 745 si
1093 693 1122 746 et
1136 686 1203 747 illos

131 779 160 832 et
182 771 231 849 qui
252 778 353 849 postea
374 771 506 830 fuerunt·
519 777 547 830 et
563 769 690 830 Graecos
711 770 808 830 omnis
825 787 1032 850 persequamur
1050 763 1091 852 [et
1105 770 1202 849 philo-

131 851 277 937 sophos]?
291 854 359 916 Fuit
373 855 463 932 igitur
479 853 605 915 brevitas
620 854 674 914 illa.
683 854 836 927 tutissime,
853 872 927 932 quoe
943 862 987 915 est
1000 853 1076 933 apud
1088 854 1203 915 Livium
1225 865 1253 914 39

130 941 160 1001 in
178 940 302 1019 epistola
321 939 463 999 adfilium
485 938 608 1017 scripta:
631 939 817 1017 legendos
839 939 1121 1000 Demosthenen
1145 948 1202 1000 at-

131 1044 201 1104 que
227 1025 465 1097 Ciceronem,
495 1033 569 1084 tum
598 1024 666 1097 ita,
696 1024 913 1101 utquisque
943 1032 1045 1084 esset
1072 1023 1203 1085 Demo-

131 1110 262 1171 stheni
284 1117 318 1169 et
334 1109 515 1170 Ciceroni
538 1108 766 1169 simillimus.
797 1108 863 1168 Non
880 1116 924 1170 est
946 1116 1044 1168 tamen
1066 1109 1203 1170 dissimu-
1225 1119 1254 1169 to

130 1194 215 1254 leuda
231 1194 325 1254 nostri
340 1211 459 1272 quoque
473 1193 572 1254 iudicii
588 1211 711 1255 summa.
741 1192 855 1254 Paucos
875 1192 956 1253 euim
976 1193 1022 1252 vel
1043 1193 1143 1272 potius
1156 1195 1204 1254 vix

131 1279 223 1340 ullum
241 1298 276 1339 ex
290 1278 336 1339 his
352 1279 403 1357 qui
418 1287 591 1340 vetustatem
612 1278 802 1357 pertulerunt
816 1277 951 1338 existimo
966 1295 1054 1357 posse
1069 1279 1203 1356 reperiri,

131 1365 202 1441 quin
218 1363 357 1424 iudicium
373 1363 581 1424 adhibentibus
592 1363 743 1423 adlaturus
757 1363 795 1423 sit
809 1361 942 1423 utilitatis
953 1362 1072 1441 aliquid,
1088 1381 1156 1423 cum
1172 1381 1203 1424 se

131 1448 233 1509 Cicero
244 1448 281 1508 ab
293 1448 349 1509 ibis
362 1467 481 1526 quoque
492 1447 696 1509 vetustissimis
711 1446 891 1520 auctoribus,
907 1447 1070 1525 ingeniosis
1085 1448 1204 1524 quidem

130 1533 180 1594 sed
196 1541 258 1592 arte
273 1532 452 1605 carentibus,
467 1533 628 1610 plurimum
639 1533 765 1592 fateatur
780 1531 922 1592 adiutum.
948 1531 1010 1592 Nee
1021 1531 1115 1592 multo
1125 1531 1203 1593 aliud
1225 1540 1253 1590 n

130 1619 166 1677 de
181 1619 265 1678 novis
280 1618 386 1678 sentio.
416 1616 531 1687 Quotus
546 1617 625 1677 enim
641 1617 766 1695 quisque
781 1616 907 1680 inveniri
928 1625 988 1676 tam
1009 1617 1131 1676 demens
1148 1635 1203 1696 po·

131 1710 203 1775 test,
226 1703 276 1780 qui
292 1719 329 1761 ne
345 1701 466 1761 minima
483 1701 600 1781 quidem
616 1695 739 1762 dlicuius
754 1710 835 1762 certe
851 1701 956 1761 fiducia
978 1701 1069 1780 partis
1091 1719 1203 1763 memo·

164 1835 204 1886 38.
223 1837 320 1884 uetans
335 1849 411 1895 auae,
435 1833 480 1885 des
497 1833 640 1885 Pronomen
693 1835 816 1886 Ciceroni
838 1834 1002 1894 simillimum
1030 1835 1070 1885 ein
1098 1834 1204 1886 auderes

129 1902 305 1967 possessivum
328 1904 390 1952 atatt
412 1901 457 1952 des
484 1901 641 1953 demonstra·
691 1902 1003 1953 interessentesGiteteus
1013 1901 1109 1953 diesem
1120 1901 1204 1954 Briefe

130 1969 210 2020 tivum
232 1969 275 2020 bei
293 1968 378 2028 Quint.
400 1969 451 2020 und
473 1969 560 2021 Livius
582 1969 641 2020 sehr
667 1965 669 1972 ’
692 1968 796 2032 vlint,
817 1971 856 2031 18,
879 1983 921 2018 wo
942 1982 992 2019 von
1012 1969 1094 2020 einem
1112 1969 1205 2020 Lehrer

130 2036 225 2099 obiicit,
243 2037 295 2102 vgl.
315 2038 330 2100 ξ
351 2039 407 2087 112.
693 2035 790 2088 εηῑιΙιΙι
802 2034 874 2100 nied,
894 2049 921 2087 er
935 2035 1002 2086 habe
1014 2037 1084 2086 seine
1098 2035 1205 2087 Sehr’rier

164 2106 318 2168 quibuscum
335 2106 453 2169 vivebat,
476 2103 541 2154 nach
558 2107 642 2153 omm'-
693 2102 874 2168 ausgetordert,
893 2103 941 2154 den
960 2101 1136 2168 Gegenstand‚
1155 2102 1204 2154 den

130 2173 177 2222 bur
195 2175 292 2222 aetatis
308 2187 373 2222 euno
391 2172 556 2236 dherfldssig,
575 2170 641 2222 doch
694 2172 731 2222 sie
744 2170 923 2236 behandelten,
936 2187 967 2222 zu
980 2170 1146 2235 verdunkelu,
1158 2171 1205 2221 mit

130 2239 174 2291 der
192 2239 434 2292 haudschrittiioheu
447 2238 642 2357 Uberlieteruqq
694 2238 751 2290 dem
770 2239 945 2304 griechischen
963 2237 1051 2290 Worte
1069 2233 1203 2290 σκότισον.

130 2308 189 2359 sehr
206 2308 285 2370 nahe,
304 2307 371 2358 kann
390 2322 430 2374 es,
455 2309 505 2359 wie
523 2308 573 2360 Cio.
593 2306 614 2358 0
720 2297 768 2359 '40.
788 2309 835 2372 qui
852 2312 1007 2358 vetustatem
1027 2307 1205 2372 pernrlormnt,

129 2375 147 2440 l·,
166 2379 206 2439 49,
225 2379 249 2439 5,
268 2378 425 2442 quibuscum
447 2379 574 2440 vivimus,
601 2375 642 2426 die
692 2375 858 2427 verschieden
876 2390 927 2426 von
946 2374 1003 2425 dem
1028 2374 1088 2425 haid
1106 2375 1205 2442 folgen-

130 2445 313 2508 Zeitgenossen
326 2444 359 2493 im
373 2458 482 2509 engeren
496 2444 583 2508 Sinne,
596 2445 643 2494 mit
693 2442 741 2495 den
754 2445 936 2504 vetustissimi,
950 2442 1063 2494 insosern
1077 2443 1117 2493 die
1130 2445 1204 2494 einen

130 2510 212 2562 denen
235 2525 292 2561 man
315 2510 436 2562 verhehrt
458 2512 511 2562 und
528 2511 642 2577 umgeht,
693 2511 759 2562 noch
778 2510 881 2576 gelesen
900 2509 1016 2573 iverden,
1034 2510 1075 2561 die
1092 2510 1204 2562 anderen

129 2578 299 2640 bezeichnen,
333 2578 367 2627 im
400 2577 558 2644 Gegensatze
590 2594 641 2630 von
693 2579 771 2629 nicht.

131 2662 198 2712 quoe
215 2646 328 2694 viderim
347 2645 419 2710 §on
435 2649 496 2704 1183
514 2660 640 2711 wogegen
726 2645 839 2709 aliquid.
874 2643 919 2695 Bei
944 2643 1129 2704 Redensnrtem
1154 2644 1205 2694 wie

131 2715 227 2765 aetatis
245 2728 310 2762 eune
327 2712 368 2763 die
394 2727 474 2776 genre
491 2713 642 2764 Lebenszeit
693 2712 799 2778 aliquid
820 2711 941 2774 adferre,
964 2710 1098 2776 conferre,
1122 2710 1206 2777 profi-

129 2781 289 2832 bezeichnet.
319 2779 376 2846 Vgl.
387 2780 438 2831 Gic.
447 2779 517 2832 Brut.
528 2784 569 2846 65,
579 2783 641 2832 231:
693 2796 765 2844 cere,
783 2782 918 2829 emittere
934 2778 1068 2830 verbindet
1085 2780 1140 2830 sich
1159 2777 1204 2829 des

130 2851 258 2914 quoniam
281 2850 311 2898 in
331 2847 383 2898 hoc
407 2865 528 2900 sermone
550 2853 641 2899 nostro
693 2846 837 2898 Pronomen
860 2847 913 2897 und
931 2845 1042 2898 Verbum
1066 2861 1096 2898 zu
1122 2848 1204 2898 einem

130 2919 215 2968 statur·
237 2919 367 2966 neminem
389 2931 494 2981 eorum,
517 2920 573 2982 qni
594 2920 643 2967 oi·
694 2916 810 2980 einnigen
829 2913 927 2980 Begrih'
945 2914 996 2965 und
1014 2914 1095 2966 bieibt
1116 2914 1204 2966 domm

130 2990 262 3048 nerent,
279 2987 426 3035 nominare.
694 2983 760 3034 auch
784 2984 810 3033 in
834 2983 970 3048 negativen
995 2981 1088 3034 Sdtzen
1112 2997 1204 3034 unver-

165 3053 278 3104 Caerare
300 3055 380 3117 atque
399 3052 534 3103 Mareello.
571 3049 642 3104 Brut,
694 3051 790 3102 arden.
1139 3070 1145 3076 ·

131 3122 171 3185 rt,
190 3123 316 3174 ras-75.
728 3122 768 3170 41.
787 3118 871 3168 multo
889 3118 973 3182 aliud,
990 3119 1086 3170 ebeuso
1104 3121 1205 3182 quanto

165 3186 643 3254 quiscrr'tmodur‚vgl.§50,Eilendt·
694 3187 771 3237 aliud
787 3187 802 3250 ξ
820 3189 861 3237 53.
1098 3227 1103 3238 ,

132 3254 256 3320 Seyfferts
274 3253 383 3306 Gremm.
402 3256 419 3321 ξ
437 3257 496 3308 228.
728 3255 759 3305 de
777 3256 868 3320 nonis,
886 3253 921 3303 im
940 3251 1098 3318 Gegensatre
1122 3264 1205 3317 gegeu

166 3324 206 3373 39.
218 3322 293 3387 apud
300 3321 414 3372 Livium.
437 3323 500 3373 Eine
511 3337 560 3374 uus
573 3322 642 3373 nieht
693 3322 735 3374 die
751 3322 827 3373 Alteri
846 3335 893 3374 vor
905 3320 992 3371 Cicero
1011 3318 1062 3370 und
1081 3320 1145 3370 euch
1164 3318 1205 3370 die

131 3390 203 3441 mehr
220 3389 350 3440 erhaitene
368 3389 524 3442 rhetorische
540 3390 642 3441 hnwei-
693 3391 875 3455 Zeitgenossen
895 3388 996 3439 Ciceros
1013 3385 1106 3446 selbst;
1130 3401 1159 3438 so
1177 3385 1205 3449 11,

132 3471 212 3522 sung,
234 3457 301 3507 ohne
319 3455 425 3508 Zweitel
447 3471 497 3508 von
521 3457 577 3508 dem
598 3459 642 3508 be-
694 3463 718 3522 5,
737 3459 781 3510 23:
810 3459 972 3522 antiquos
994 3460 1024 3504 et
1045 3471 1148 3505 novor
1172 3454 1207 3503 le·

131 3526 249 3578 riihmten
262 3522 404 3574 Historiher
421 3522 505 3575 dieses
521 3524 641 3576 Nameus.
691 3540 764 3590 gere.
791 3523 857 3588 V,4,
869 3528 895 3576 1:
908 3525 1044 3588 orqn'oner
1055 3527 1206 3572 rectorum

130 3592 253 3644 Erwihnt
277 3589 340 3641 wird
363 3591 400 3642 sie
423 3591 488 3642 euch
512 3591 539 3655 11,
566 3597 589 3655 5,
608 3594 641 3644 20
693 3609 726 3643 ae
741 3606 908 3644 novorum.
943 3590 1011 3642 Uber
1029 3590 1070 3640 die
1086 3586 1207 3654 Begrid's·

132 3661 223 3712 Cicero
241 3689 274 3697 —
293 3663 320 3708 ct
336 3658 470 3710 turonum
490 3661 642 3726 incipienti·
692 3657 870 3711 unterschiede
894 3658 947 3723 uqi.
971 3655 1033 3718 vill,
1057 3660 1080 3721 3,
1105 3659 1149 3708 34:
1174 3660 1206 3720 ot,

132 3731 179 3779 dur
201 3743 305 3794 quoque
327 3732 353 3777 et
375 3730 484 3793 apertur
506 3731 546 3777 ert
567 3729 641 3791 rude,
693 3743 762 3792 quae
779 3731 896 3776 veteru
914 3729 1074 3787 uenerunt,
1095 3722 1208 3786 fuerunt

130 3812 179 3846 nce
203 3797 331 3862 prodesse
360 3800 464 3845 tantum
488 3795 536 3846 red
561 3798 642 3845 edium
695 3795 757 3844 oh‘m
782 3810 867 3845 noua
891 3797 918 3843 et
943 3792 1073 3858 quaedam
1100 3795 1129 3842 in
1154 3807 1207 3842 reru

131 3867 331 3930 cmaripotaet5
344 3869 408 3928 tum,
421 3862 642 3929 quemadmodum
689 3877 822 3929 por-quum
847 3863 1013 3919 recentia:
1038 3859 1103 3912 euch
1126 3863 1205 3911 unten

131 3931 225 3981 Liuius
245 3934 390 3998 praecipit,
413 3935 445 3981 ut
462 3935 573 3998 quisque
590 3933 643 3981 erit
693 3930 710 3997 ξ
727 3933 769 3984 43.
