2918 4564
526 259 632 313 curun
650 261 689 318 ut
707 262 724 328 t
741 265 850 317 no-nu
1181 264 1221 326 ou

152 435 264 497 tardior
283 435 315 496 in
343 433 500 498 scribendo
522 443 572 496 aut
592 435 734 498 incertior
754 436 787 496 in
808 435 1007 514 intellegendo
1027 439 1107 501 velut
1126 441 1221 503 olien-

151 529 231 582 setor
252 520 322 582 luit:
345 518 496 582 inhibetur
518 538 637 596 oureus,
663 528 751 599 etque
772 518 870 582 omnis
896 539 970 599 quae
992 531 1057 584 eret
1077 535 1221 606 concepte

14 620 17 630 ’
45 607 48 613 ’
151 606 260 668 mentis
285 605 411 666 intentio
436 623 519 666 more
545 613 575 666 et
599 605 748 668 interdum
772 605 923 668 iracundie
949 607 1105 669 excutitur.
1145 610 1222 674 Tum
1243 623 1271 674 21

152 691 214 764 illo,
241 709 315 769 quoe
340 690 473 752 altiorem
499 691 590 753 animi
613 699 726 752 motum
751 699 894 752 secuntur
915 709 1049 770 quaeque
1071 693 1134 771 ipsa
1156 695 1220 756 eui-

151 793 232 837 mum
247 775 463 854 quodammodo
478 776 642 849 concitant,
662 794 789 854 quorum
811 785 856 838 est
877 776 984 839 ieetnre
1004 795 1137 852 manum,
1159 787 1220 841 tor-

151 879 241 940 quere
256 861 385 935 vultum,
404 861 502 922 lemur
523 868 553 921 et
573 861 649 922 lotue
663 860 781 924 interitu
804 860 977 940 obiurgare,
1000 881 1134 942 quaeque
1148 863 1220 926 Per-

150 945 211 1008 sius
237 954 335 1020 notat‚
362 963 430 1006 oum
456 945 558 1007 leviter
583 945 700 1008 dicendi
725 965 822 1026 genus
845 945 1005 1026 signifieat,
1031 948 1104 1010 Neo
1131 949 1219 1028 pln-

149 1040 277 1106 teum,
310 1031 415 1110 inquit,
442 1030 588 1092 caedit
610 1049 687 1092 uec
713 1031 911 1094 demorsos
931 1032 1032 1111 sepit
1057 1052 1218 1114 ungues,

149 1117 235 1177 etium
259 1116 382 1177 ridicula
408 1124 490 1189 sunt,
518 1115 574 1176 uisi
599 1135 667 1178 cunr
692 1116 747 1178 soli
773 1135 885 1179 semes.
921 1117 1055 1196 Denique
1075 1126 1108 1180 ut
1129 1120 1220 1181 semel
1242 1130 1270 1180 22

149 1201 228 1281 quod
249 1209 294 1262 est
313 1200 550 1280 potentissimum
572 1200 682 1276 dicam,
702 1209 864 1276 secretum,
885 1201 965 1280 quod
978 1201 1116 1264 dicundo
1132 1205 1218 1282 perit,

147 1296 235 1367 etque
250 1285 377 1347 hberum
391 1285 509 1347 arbitris
523 1286 623 1348 locum
639 1294 669 1346 et
682 1304 771 1365 quom
789 1287 961 1348 altissimum
975 1287 1125 1349 olentium
1145 1289 1218 1350 sori-

147 1372 286 1433 bentibus
299 1371 424 1432 meuime
446 1371 606 1432 convenire
628 1389 715 1432 nemo
731 1371 916 1432 dubiovorit.
944 1371 1011 1433 Nou
1032 1381 1131 1435 temen
1146 1391 1218 1452 pro·

145 1457 230 1519 tinus
247 1456 385 1518 audiendi
406 1456 457 1534 qui
478 1456 604 1518 eredunt
623 1455 772 1535 aptissime
792 1456 823 1516 iu
845 1457 902 1518 boe
923 1475 1044 1519 nemore
1063 1458 1217 1538 silvasque,
1303 1452 1306 1459 ⁴

147 1543 226 1622 quod
240 1542 289 1604 illa
303 1540 377 1602 coeli
396 1541 515 1602 libertos
535 1540 729 1620 locorumque
747 1541 908 1603 amoenitas
919 1541 1074 1604 sublimem
1085 1543 1215 1606 animum

145 1635 175 1688 et
196 1627 358 1688 beatiorem
379 1625 515 1705 spiritum
536 1634 650 1704 parent.
686 1626 757 1688 Mihi
783 1635 863 1688 oerte
886 1626 1034 1689 iucundus
1056 1628 1103 1688 bic
1124 1630 1217 1708 magis
1238 1639 1267 1690 23

147 1729 234 1790 quem
254 1711 419 1772 studiorum
440 1712 574 1772 bortatur
595 1711 709 1772 videtur
736 1729 801 1773 esse
821 1729 963 1774 secessus.
1004 1713 1136 1792 Namque
1157 1713 1216 1788 illa,

146 1815 220 1876 qtme
242 1797 305 1876 ipsu
326 1796 481 1870 delectent,
507 1815 629 1858 neeesse
655 1804 700 1858 est
721 1805 846 1858 avocent
867 1796 905 1858 ab
927 1796 1093 1860 intentione
1117 1799 1216 1878 operis
1330 1865 1343 1884 F

145 1881 291 1944 destinati.
320 1881 435 1960 ‘Neque
451 1881 532 1943 euim
553 1899 585 1942 se
604 1881 686 1942 boue¹
705 1881 763 1942 lide
784 1881 816 1942 iu
838 1882 929 1944 multe
950 1881 1037 1944 simul
1059 1883 1215 1946 intendere
1331 1903 1374 1924 r

101 1967 104 1973 “
144 1967 260 2029 animus
271 1975 365 2027 toturn
376 1975 484 2045 potest,
500 1975 529 2027 et
539 1983 729 2045 quocumque
740 1966 878 2046 respexit,
893 1965 1003 2026 desiuit
1013 1967 1123 2029 intueri
1135 1970 1214 2047 quod
1340 1982 1343 1997 ¹

144 2053 331 2132 propesitum
353 2059 424 2111 erat
458 2051 556 2122 Quare
577 2051 715 2112 silvorum
735 2050 896 2112 amoenitas
918 2060 948 2111 et
968 2050 1264 2130 praeterlabentietl

143 2137 266 2208 lluminu
281 2145 311 2198 et
324 2135 507 2215 inspirantes
526 2135 614 2196 muris
637 2135 778 2216 orborum
798 2153 886 2196 auree
907 2135 1120 2216 volucrumque
1142 2155 1213 2200 eou-

143 2231 192 2285 tus
216 2231 246 2284 et
261 2223 324 2302 ipsu
343 2222 401 2282 lete
422 2220 680 2304 circumspiciendi
701 2220 821 2282 libertos
836 2220 872 2282 tel
886 2240 918 2283 se
933 2221 1069 2298 trahunt;
1095 2223 1213 2286 etmihi

142 2309 294 2369 remittere
306 2306 406 2387 potius
420 2305 624 2386 voluptas-istu
638 2305 771 2367 violentur
785 2306 992 2386 cogitationem
1008 2326 1097 2386 quem
1112 2309 1211 2370 inten-

142 2393 220 2454 dere.
250 2392 462 2454 Demosthenes
476 2387 592 2465 melius,
606 2391 657 2471 qui
678 2409 710 2453 se
733 2392 764 2452 iu
787 2392 894 2466 locum,
917 2409 953 2452 ex
974 2410 1034 2470 quo
1056 2393 1136 2454 nulle
1159 2409 1211 2454 ex·
1232 2402 1261 2454 25

142 2477 236 2538 audiri
248 2495 305 2536 vox
320 2485 350 2536 et
364 2495 399 2536 ox
415 2495 474 2555 quo
491 2475 563 2537 nihil
587 2476 718 2556 prospici
732 2485 842 2555 posset,
863 2476 1052 2550 recondebat,
1075 2495 1113 2537 ne
1133 2478 1212 2539 eliud

142 2579 229 2640 agere
251 2570 381 2634 mentem
407 2569 549 2640 cogerent
573 2561 661 2622 oculi.
697 2561 826 2640 Ideoque
852 2559 1041 2622 lucubrantes
1063 2561 1212 2624 silentium

141 2646 238 2707 noctis
252 2654 281 2706 et
293 2646 423 2706 clausum
436 2645 605 2706 cubiculum
617 2654 648 2706 ot
657 2645 863 2706 lumeu'uuum
881 2645 959 2706 uelut
975 2652 1069 2708 tectos
1086 2645 1211 2708 maxime

139 2779 200 2832 oble
212 2777 287 2844 Lege,
304 2778 331 2829 iu
344 2776 442 2830 welche
455 2777 508 2842 der,
523 2776 648 2830 welchem
733 2781 774 2830 21.
788 2779 1029 2843 torquereeultum,
1039 2771 1095 2832 ‘eles
1106 2778 1210 2832 Gesicbt

140 2847 245 2900 dlhtiert
257 2845 330 2911 wird,
346 2844 425 2897 lelcbt
439 2845 520 2911 gerit,
532 2859 608 2897 wenu
620 2861 648 2898 er
699 2839 842 2898 vendrelm’.

139 2916 210 2968 nieht
227 2914 326 2966 smnell
344 2928 429 2980 geuug
449 2913 649 2966 neobsobreihen
733 2916 877 2978 obiurgare
893 2937 927 2960 ε
945 2913 1062 2968 caedere.

138 2983 220 3036 bonu:
233 2982 265 3035 dn
277 2983 348 3034 selue
360 2980 592 3034 huimerlrsumlreit
604 2982 651 3035 aul
732 2983 850 3050 Perseos,
864 2979 918 3034 Set.
939 2984 960 3046 1,
981 2983 1036 3036 106.
1055 3035 1057 3039 .

139 3049 647 3116 dieueeborrbolendenWorlegeriebtel
732 3053 773 3104 22.
792 3055 879 3115 elque,
896 3048 948 3114 vgl.
966 3051 991 3114 2,
1009 3052 1050 3104 20·

127 3121 179 3184 ist,
198 3135 227 3172 eo
245 3119 348 3172 verliort
366 3133 393 3170 er
405 3117 484 3170 leicht
500 3117 549 3169 deu
561 3117 646 3170 Faden
732 3121 870 3184 aptensium
880 3119 1208 3186 iubenungewbbulicbe,

137 3187 190 3240 unu
206 3189 252 3240 bet
270 3186 336 3239 deun
348 3187 420 3238 nieht
437 3185 508 3239 melu
520 3185 566 3238 dns
579 3186 647 3238 velle
698 3186 868 3238 dlehleriecbe
880 3183 1073 3251 Konsbuhtiou,
1087 3191 1150 3240 steti
1161 3187 1208 3240 des

138 3253 312 3309 Veretinduis.
697 3253 786 3306 Delius
803 3253 865 3306 oder
877 3253 921 3316 od,
940 3252 980 3304 bel
991 3251 1076 3313 Quint
1085 3269 1133 3306 nur
1143 3255 1206 3308 hier.

172 3323 245 3373 uelut
261 3323 407 3385 offensator
416 3320 479 3385 suit,
498 3321 542 3374 der
554 3323 648 3387 gewis-
732 3325 773 3375 tu
791 3324 926 3374 remittere
943 3349 975 3358 -
993 3321 1143 3386 intendere,
1160 3321 1207 3375 (les

138 3390 277 3442 sermolseu
298 3389 489 3455 Verenlnssung
514 3404 572 3441 num
596 3389 648 3444 hu·
698 3389 756 3442 Bul
780 3390 815 3442 ist
832 3389 948 3442 eutlebnt
965 3403 1016 3441 roo
1034 3388 1093 3442 dem
1109 3389 1206 3457 Bogeu.

138 3457 202 3510 stris
219 3457 297 3524 glebt.
324 3457 469 3520 offerrentes·
487 3455 585 3508 hument
601 3459 648 3510 nu'r
731 3457 855 3524 uoluptas
871 3460 933 3522 isla,
949 3451 1000 3507 ‘die
1017 3451 1133 3508 Wonne'.

137 3527 192 3578 bier
209 3540 256 3578 vor
267 3525 318 3576 und
332 3522 394 3575 wind
407 3524 472 3575 euch
484 3522 563 3576 druch
575 3524 650 3574 oelut
733 3527 774 3580 25.
791 3525 985 3590 Demosthenes,
1011 3524 1063 3590 vgl.
1086 3523 1206 3578 Plutarch

137 3595 176 3647 uls
193 3590 391 3660 ungevrbbnllob
403 3590 562 3643 bezeichuel.
580 3594 604 3655 7,
615 3594 647 3644 10
697 3592 769 3645 Dent.
786 3596 814 3645 l:
836 3593 865 3644 ix
882 3588 978 3646 τούτου
996 3589 1139 3662 κατάγειον
1155 3593 1206 3652 μὶν

136 3662 287 3716 beneiobuet
303 3659 436 3724 offensare
453 3658 516 3724 den,
535 3659 647 3712 weleber
697 3655 874 3726 οἰκοδομῆσαι
896 3655 1102 3742 peierprriptoo,¹
1129 3654 1146 3711 b*
1171 3655 1205 3726 δὴ

136 3728 363 3783 desStoelrender
375 3726 445 3779 herle
460 3727 646 3796 bervorbringt.
697 3723 845 3792 oetaeum
859 3730 906 3778 καὶ
923 3726 983 3779 καθ
1013 3727 1086 3794 ημᾶς.

170 3803 305 3865 concepta,
318 3796 420 3848 bbulieb
429 3799 453 3860 l,
466 3799 496 3849 ll
509 3797 573 3846 bene
584 3811 647 3847 eon·
731 3811 837 3862 eogere,
859 3795 885 3845 iu
908 3794 1134 3860 obgesebwiebter
1157 3795 1205 3850 Be-

137 3870 206 3932 oepti
223 3865 346 3928 adfectus
361 3863 390 3929 ll,
402 3867 472 3929 rot
490 3865 567 3915 euim
577 3867 647 3916 inro-
696 3864 819 3930 deutung,
836 3862 886 3914 wie
904 3861 977 3915 Gorn.
995 3861 1060 3931 Nep.
1071 3862 1136 3919 Mill.
1146 3868 1170 3930 t,
1183 3870 1204 3919 l.

133 3937 225 3998 genem
242 3937 330 3986 animo
349 3936 525 4000 concepimus.
696 3931 767 3988 Suel.
783 3930 876 3984 homil.
896 3932 935 3984 ll.

968 4018 1000 4069 5*
