2918 4564
533 251 639 303 crnnr
657 251 675 306 1.
694 254 711 318 s
730 255 838 306 ra-rc.
1177 251 1218 311 23

150 425 369 487 exercitationis
383 424 475 503 gratia
489 425 617 503 scripsit,
633 426 746 486 etiamsi
760 426 855 505 egisse
870 444 937 487 eum
950 425 1105 488 Cornelius
1117 425 1219 489 Celsus

151 513 224 573 lalsn
240 510 392 580 existimat,
409 517 438 569 et
447 508 541 569 Pollio
556 518 586 569 et
596 509 718 571 Messala
732 510 931 572 defenderunt
947 512 1074 582 eosdem,
1090 520 1119 572 et
1134 513 1221 574 nobis
1242 522 1272 572 24

152 595 253 676 pueris
274 595 406 674 insignes
427 612 482 672 pro
505 593 655 656 Voluseno
679 594 780 656 Catulo
798 595 916 656 Domitii
932 596 1009 667 Afri,
1033 595 1127 674 Crispi
1150 597 1220 658 Pas-

150 681 238 751 sieni,
253 680 365 740 Decimi
380 678 470 740 baelil
485 680 635 740 crationes
648 679 832 741 ferebantur.

237 765 339 843 Neque
354 764 383 824 id
398 763 495 825 statim
510 764 620 844 legenti
635 782 808 843 persuasum
823 765 876 832 sit,
893 765 1010 836 omnia,
1028 781 1102 842 qnae
1118 766 1221 844 optimi

152 857 289 910 auctores
303 847 448 921 dixerint,
471 849 574 927 utique
596 868 662 911 esse
683 851 822 930 perlecta.
859 849 932 909 Nam
956 858 985 910 et
1006 848 1148 910 labuntur
1169 849 1221 910 ali-

153 935 271 1013 quando
293 942 323 994 et
337 933 422 994 oneri
437 933 547 994 cedunt
568 942 598 994 et
612 934 769 1013 indulgent
783 933 971 1012 ingeniorum
993 951 1114 995 sucrum
1137 935 1222 994 volu·

152 1019 240 1099 ptati,
263 1037 318 1079 nec
334 1035 452 1098 semper
465 1018 625 1079 intendunt
639 1019 786 1092 animum,
803 1036 1030 1096 nonnumquam
1045 1019 1221 1096 fatigantur:

153 1123 220 1166 cum
234 1103 370 1164 Ciceroni
385 1102 542 1164 dormitare
553 1103 670 1164 interim
683 1104 907 1176 Demosthenes,
922 1103 1045 1164 Horatio
1056 1122 1125 1164 vero
1136 1105 1222 1164 etiam

153 1189 302 1250 Homerus
316 1187 379 1266 ipse
394 1187 534 1248 videatur.
561 1189 675 1250 Summi
688 1189 767 1251 enim
783 1197 862 1259 sunt,
878 1188 1015 1249 homines
1025 1197 1132 1258 tamen,
1148 1189 1224 1249 acci·
1246 1197 1275 1246 25

154 1273 255 1351 ditque
271 1273 331 1344 his,
355 1273 420 1350 qui,
442 1273 585 1352 quidquid
600 1274 677 1352 apud
693 1273 759 1334 illos
773 1281 966 1352 repererunt,
989 1273 1106 1334 dicendi
1129 1273 1224 1352 legem

154 1366 270 1437 putant,
285 1365 319 1417 ut
333 1357 479 1417 deteriora
492 1358 655 1432 imitentur,
669 1359 711 1435 (id
727 1358 807 1418 enim
819 1357 997 1429 estfaciliusl
1012 1374 1047 1418 ac
1061 1377 1093 1419 se
1105 1357 1223 1418 abunde

154 1443 264 1504 similes
279 1449 395 1520 putent,
411 1441 436 1503 si
449 1441 519 1502 vitia
534 1443 710 1520 magnorum
725 1450 956 1520 consequantur.
982 1441 1115 1504 Modesto
1126 1452 1224 1503 tamen
1248 1449 1277 1500 tn

155 1538 186 1588 et
204 1528 419 1605 circumspecto
441 1526 549 1587 iudicio
573 1527 609 1586 de
629 1528 719 1588 tantis
732 1527 802 1588 viris
823 1526 1079 1606 pronuntiandum
1096 1536 1153 1601 est,
1177 1545 1225 1600 ne,

154 1613 235 1690 quod
250 1611 400 1689 plerisque
415 1610 530 1683 accidit,
545 1611 688 1672 damnent
698 1629 773 1691 quae
790 1630 851 1671 non
866 1611 1052 1690 intellegunt.
1079 1613 1121 1672 Ac
1132 1613 1156 1673 si
1173 1629 1226 1672 ne·

156 1715 238 1757 cesse
254 1696 342 1756 estin
358 1695 480 1755 alteram
495 1714 595 1756 errare
609 1703 733 1775 partem,
749 1697 848 1756 omnia
862 1715 969 1757 eorum
980 1697 1147 1775 legentibus
1162 1697 1225 1775 pla·

155 1798 224 1841 cere
239 1798 327 1858 quam
342 1780 433 1840 multa
448 1781 604 1859 displicere
619 1781 782 1843 maluerim.

156 1947 235 2012 tigen,
251 1945 311 1996 weil
323 1961 350 1996 er
362 1946 403 1998 ein
416 1946 559 1999 schleehter
570 1948 668 2013 Burger
706 1948 870 2012 ‚eloquentia
880 1948 1172 2012 bebetetur-promptus
1180 1949 1228 1998 ad·

157 2029 289 2080 genesen:
308 2029 328 2064 s.
347 2013 384 2076 lll,
402 2017 427 2078 6,
444 2017 485 2066 93.
717 2030 821 2064 versum
844 2017 976 2074 insontem
997 2015 1049 2079 vgl.
1074 2013 1159 2073 Quint.
1177 2014 1229 2075 llll,

192 2081 330 2134 Cornelius
349 2080 445 2146 Celeres,
463 2082 503 2132 ein
522 2079 599 2132 blann
616 2096 667 2131 von
720 2084 760 2146 tn,
778 2083 883 2133 aenon
902 2081 1004 2146 Scipio,
1022 2081 1144 2138 Laetisss,
1163 2080 1228 2132 Cute

157 2149 333 2202 umlessender
356 2147 573 2212 Gelebrsamlreit,
598 2149 668 2200 nicht
718 2152 749 2200 tn
772 2147 919 2213 eloquendo
944 2148 1015 2199 velut
1032 2149 1118 2200 Attici
1137 2145 1229 2199 Rome·

157 2233 205 2270 nur
222 2217 267 2270 anl
284 2217 341 2270 dem
360 2216 451 2268 Gebiet
474 2217 519 2270 der
535 2215 667 2280 Rhetorilr,
716 2233 814 2268 omnm
830 2215 959 2276 suerunt?

157 2285 228 2338 batte
246 2285 311 2337 ench
324 2285 386 2336 siber
398 2284 585 2350 Kriegswesen,
604 2284 669 2338 uber
751 2283 921 2348 ferebantur,
938 2279 1034 2336 ‘waren
1052 2285 1087 2335 im
1105 2279 1229 2347 Umlenl',

157 2353 202 2406 das
219 2353 379 2414 Lendleben,
403 2350 513 2405 Mediein
538 2369 563 2404 n.
581 2367 605 2406 a.
624 2367 668 2419 ge·
717 2346 786 2407 ‘man
803 2353 896 2420 spracb
907 2367 957 2404 von
971 2347 1065 2418 ibnen'3
1083 2352 1160 2419 vgl.§
1173 2354 1229 2404 1211.

155 2421 299 2474 sebrieben.
326 2420 411 2480 Quint.
423 2421 529 2473 benulsl
540 2421 583 2472 ibn
597 2421 669 2472 nicht
719 2423 743 2483 ’1,
762 2423 802 2472 30.

157 2489 239 2540 selten
263 2487 315 2538 nnd
333 2488 449 2539 erwibnt
472 2489 542 2542 seine
560 2488 599 2540 cll
617 2503 669 2541 von
753 2487 845 2553 Neque
867 2489 897 2538 id
920 2487 1036 2540 scblielst
1057 2487 1111 2538 sich
1135 2502 1167 2538 an
1189 2486 1231 2538 die
1286 2545 1288 2550 ⁸

159 2555 208 2608 den
237 2555 437 2619 bergebrecbten
467 2555 667 2608 abweinbenden
719 2555 863 2608 Vorscbrilt
880 2556 905 2606 in
924 2556 939 2619 ᾖ
959 2558 990 2606 20
1008 2569 1049 2606 nn.

158 2622 299 2674 Ansicbten
309 2621 358 2672 lest
370 2639 425 2685 nur,
437 2639 480 2673 um
490 2625 536 2685 sie,
546 2623 596 2674 wie
605 2623 668 2686 bier,
754 2627 890 2687 auctores,
909 2622 1034 2687 geradezu
1052 2620 1230 2688 gleicbbeden·

159 2706 191 2742 zu
208 2688 377 2754 belsimplen,
394 2690 447 2756 vgl.
465 2690 492 2752 ll,
514 2695 552 2756 15,
572 2693 611 2742 32.
629 2690 669 2753 ΙΙΙ,
722 2690 782 2742 tend
799 2691 845 2742 mit
861 2694 1014 2756 scriptores.

160 2763 184 2822 5,
202 2760 226 2810 3.
245 2761 269 2820 6,
290 2759 328 2809 13.
348 2759 370 2819 l,
390 2759 430 2809 25.
448 2756 490 2822 ΙΙΙ,
511 2760 532 2821 1,
551 2761 590 2809 12.
610 2761 634 2822 2,
646 2761 671 2811 9.
757 2757 890 2822 Οἰοονοηί,
924 2757 1042 2810 desselbe
1076 2755 1155 2808 Urleil
1193 2770 1233 2806 er-

160 2823 222 2888 Vlll,
241 2827 264 2888 3,
283 2827 324 2878 35.
342 2823 383 2888 IX,
405 2827 426 2888 1,
446 2827 485 2878 18.
504 2830 528 2888 4,
544 2828 599 2878 132.
615 2829 669 2878 131.
722 2824 811 2876 wibnt
828 2824 914 2885 Quint.
931 2825 982 2886 llll,
1003 2831 1024 2890 1,
1043 2827 1075 2877 22
1093 2823 1145 2876 und
1163 2822 1231 2874 Plnt.

194 2896 234 2946 24.
259 2897 286 2944 et
307 2892 392 2944 Pollio
414 2898 441 2944 et
463 2893 588 2958 Messala,
613 2893 671 2947 eine
722 2894 773 2946 (lic.
791 2896 824 2946 24
841 2893 949 2958 ἐνιαχοῦ
971 2893 1031 2946 τῶν
1054 2885 1143 2961 λόγων
1165 2885 1233 2947 ἀπο-

160 2961 348 3027 nacblissigere
367 2960 536 3027 Anwendung
559 2961 604 3014 der
624 2961 671 3014 lio-
721 2958 865 3024 νυστάζεινΙ
891 2961 941 3014 τὸν
968 2959 1162 3026 Δημοσθεὶνηνι
1190 2974 1233 3010 wc

160 3029 292 3096 puletiven
311 3028 520 3094 Konjunktionen
541 3030 580 3084 als
598 3034 671 3084 sonet
721 3030 808 3088 Cicero
825 3029 882 3082 dies
899 3029 1107 3096 ausgesprccben
1124 3031 1181 3091 bat,
1199 3028 1234 3078 ist

160 3096 201 3148 bei
219 3095 457 3164 Untercrdnungen.
509 3109 513 3116 ’
721 3097 879 3149 unbekannt.

196 3166 343 3216 Volusenus
376 3165 498 3228 Catulus,
534 3165 568 3218 ist
600 3165 671 3218 nicht
756 3166 877 3227 Horatio,
895 3164 943 3216 Ars
961 3169 1030 3230 peel.
1049 3167 1107 3216 359.

161 3233 250 3285 weiter
267 3232 389 3284 bekannt.
757 3237 798 3286 25.
815 3247 990 3296 magnorum,
1012 3231 1111 3284 scheint
1130 3229 1170 3282 die
1188 3230 1235 3280 irb-
1261 3285 1267 3298 ,

193 3301 308 3351 Domitii
324 3301 396 3362 Afri,
414 3317 436 3354 s.
454 3302 470 3365 ξ
491 3303 547 3352 118.
722 3302 789 3354 licbe
807 3301 987 3366 Bezeicbnung
1012 3315 1043 3350 zu
1061 3298 1115 3352 sein
1134 3298 1175 3351 lin
1193 3297 1235 3349 die

197 3367 306 3433 Crispus
324 3370 477 3432 Passienus,
496 3368 540 3420 der
553 3370 672 3436 jbugme,
723 3369 943 3435 bervcrregenden
957 3366 1153 3420 Sebriltsteller:
1172 3365 1235 3418 kurz

156 3431 301 3487 Stielvater
324 3435 370 3488 des
394 3435 496 3488 Keisers
514 3435 596 3500 Nero,
618 3437 672 3503 vql.
723 3438 816 3490 verber
825 3437 924 3490 beilsen
935 3435 1066 3488 disselben
1076 3437 1171 3501 optimi
1183 3433 1236 3484 und

163 3500 232 3554 Suet.
250 3501 318 3554 Nero
336 3506 360 3566 6,
378 3504 672 3569 gotesmannum.
723 3509 827 3556 nummi.

163 3568 227 3621 Eine
250 3569 343 3622 andere
366 3569 435 3621 Rede
459 3570 594 3622 desselben
622 3571 674 3632 (liu
759 3575 800 3626 26.
819 3572 945 3635 alterum,
969 3572 993 3622 in
1012 3570 1069 3621 dem
1088 3567 1166 3619 Sinne
1183 3581 1235 3617 von

161 3639 233 3690 scine
257 3637 390 3690 Gemsblin
414 3636 532 3700 Domitia)
559 3639 674 3690 erwibnl
724 3641 886 3692 ultemstram
908 3640 961 3691 bier
988 3636 1038 3689 und
1066 3636 1157 3698 dlters,
1186 3635 1237 3686 wie

163 3703 248 3766 Quint.
266 3703 308 3770 Vl,
329 3709 351 3767 1,
369 3709 410 3758 50.
724 3707 817 3773 lune
838 3707 905 3761 Utile
922 3713 1116 3770 retr-remque,
1135 3706 1160 3753 et
1177 3703 1237 3754 ideo

196 3774 301 3824 Decimi
330 3773 431 3835 Laelii,
461 3773 677 3832 wabrscbeinlicb
724 3780 879 3826 neutrum
898 3776 931 3826 ab
949 3773 1174 3837 altercseparq
1191 3771 1239 3822 sed

163 3840 264 3894 Laelius
281 3840 376 3894 Balbus
393 3846 468 3896 untes
481 3840 606 3906 Tiberius,
624 3841 673 3894 den
724 3846 749 3893 si
760 3842 964 3904 faeeretentum
976 3841 1120 3892 alterum
1132 3855 1238 3901 necesse
1268 3884 1272 3889 .

163 3905 224 3961 Tac.
234 3909 299 3960 bnn.
309 3907 392 3972 11141
407 3925 436 3962 so
449 3909 582 3963 sebildert:
602 3913 674 3960 buci
725 3914 761 3962 sit
779 3915 828 3964 etc.
