2918 4564
252 230 296 298 aa
623 233 729 294 cucur
749 234 798 288 vu.
817 235 833 302 s
852 237 944 290 e-re.

252 429 328 490 opus
343 419 387 472 est
402 409 527 472 naturali
548 410 674 489 quadam
688 410 849 472 mobilitate
871 409 970 484 animi,
985 419 1028 484 ut,
1043 411 1113 472 dum
1128 411 1260 490 proxima
1276 411 1323 472 di·

252 495 355 569 cimus,
376 503 490 558 struere
511 495 652 556 ulteriora
673 495 836 575 possimus,
858 513 1034 574 semperque
1061 503 1192 557 nostram
1216 513 1319 557 vocem

213 591 229 641 9
251 579 367 660 provisa
388 588 419 641 et
439 581 562 642 lormata
586 580 722 660 cogitatio
744 581 882 660 excipiat:
909 580 955 640 rix
970 588 1068 641 tamen
1084 590 1135 642 aut
1150 589 1256 642 natura
1270 590 1321 642 aut

252 666 326 728 ratio
346 665 377 726 in
400 674 460 727 tam
480 664 634 745 multiplex
654 665 784 727 officium
804 665 944 726 diducere
965 665 1096 726 animum
1112 674 1209 744 queat,
1226 675 1259 726 ut
1273 666 1321 727 in·

250 750 397 824 contioni,
423 750 622 829 dispositioni,
648 749 822 825 elocutioni,
849 750 946 812 ordini
971 767 1072 812 rerum
1092 750 1320 829 verborumque,

251 843 314 896 tum
329 833 365 898 iis
379 854 455 914 quae
470 835 548 910 dicit,
570 853 645 914 quae
666 835 879 899 subiuncturus
902 845 955 909 est,
978 853 1054 913 quae
1068 835 1145 896 ultra
1160 836 1319 914 spectanda

251 928 336 995 sunt,
358 920 485 982 adhibita
505 920 602 996 vocis,
622 920 891 1002 pronuntiationis,
913 929 1014 999 gestus
1035 918 1239 982 observatione
1259 939 1321 981 una

199 1013 228 1065 10
250 1005 384 1066 sufficiat.
415 1004 517 1085 Longe
540 1005 619 1066 enim
634 1006 790 1085 praecedat
810 1013 927 1086 oportet
942 1005 1068 1066 intentio
1090 1025 1123 1067 ac
1138 1023 1254 1086 praese
1270 1024 1322 1066 res

250 1097 325 1169 agat,
342 1099 544 1169 quantumque
560 1090 685 1154 dicendo
699 1091 893 1165 consumitur,
914 1098 1028 1152 tantum
1044 1107 1080 1152 er
1094 1091 1196 1152 ultimo
1212 1109 1317 1170 proro-

249 1182 350 1252 getur3
372 1183 413 1246 ut,
436 1176 532 1236 donec
555 1177 761 1254 perveniamus
782 1177 817 1237 ad
839 1177 938 1249 finem,
961 1195 1022 1237 aon
1045 1175 1143 1238 miuus
1157 1182 1316 1255 prospectu

249 1259 443 1338 procedamus
464 1278 550 1338 quam
573 1262 681 1339 gradu,
707 1262 732 1324 si
754 1280 816 1323 non
836 1260 1053 1322 intersistentes
1079 1261 1321 1338 offensantesque

249 1343 347 1405 brevia
362 1345 410 1407 illa
425 1354 514 1424 atque
529 1346 648 1408 concisa
663 1347 887 1426 singultantium
900 1345 989 1406 modo
1005 1344 1127 1407 eiecturi
1142 1364 1254 1408 sumus.

196 1437 225 1489 11
332 1429 386 1491 Est
407 1429 496 1508 igitur
518 1449 588 1492 usus
611 1431 728 1510 quidam
748 1431 941 1505 inrationalis,
963 1449 1051 1510 quam
1072 1430 1175 1492 Graeci
1198 1422 1320 1512 ἄλογον

249 1509 364 1600 τριβὴν
379 1524 494 1591 vocant,
511 1533 569 1594 qua
583 1532 688 1578 manus
703 1517 733 1578 in
750 1515 908 1579 scribendo
919 1516 1058 1590 decurrit,
1075 1534 1132 1594 que
1147 1515 1224 1577 oculi
1238 1522 1319 1575 totos

248 1599 335 1661 simul
355 1599 386 1660 iu
408 1599 535 1662 lectione
556 1619 657 1663 versus
672 1603 824 1681 flexusque
845 1619 949 1662 eorrrm
964 1609 994 1661 et
1007 1601 1148 1662 transitus
1163 1600 1322 1662 intuentur

250 1692 279 1744 et
301 1692 370 1746 aute
393 1685 547 1763 sequentia
567 1686 666 1748 vident
687 1705 776 1766 quam
796 1687 895 1767 priora
916 1685 1063 1746 dixerunt.
1093 1685 1159 1758 Quo
1180 1691 1317 1747 constent

248 1767 388 1830 miracula
408 1769 456 1830 illa
477 1770 507 1830 in
528 1771 644 1832 scaenis
664 1772 836 1850 pilariorum
857 1789 892 1832 ac
906 1771 1124 1844 ventilatorum,
1145 1779 1179 1830 ut
1194 1788 1228 1830 ea
1243 1787 1318 1848 quae

136 1887 146 1908 ι.
249 1852 402 1916 emiserint
422 1854 500 1915 ultro
522 1855 623 1916 venire
646 1856 676 1919 in
699 1875 805 1918 manus
820 1856 922 1918 credas
937 1865 967 1917 et
982 1874 1039 1936 qua
1054 1855 1196 1917 iubentur
1210 1855 1317 1915 decur-

189 1947 225 1999 ’11
247 1955 322 2000 rere.
353 1938 410 2000 Sed
429 1939 477 2002 hic
497 1957 568 2002 usus
590 1940 629 2001 ita
649 1942 791 2020 proderit,
813 1942 837 2003 si
861 1959 895 2002 ea
915 1941 952 2001 de
974 1958 1030 2019 qua
1045 1940 1137 2002 locuti
1152 1958 1255 2001 sumus
1269 1955 1322 1999 ars

247 2023 448 2099 antecesserit,
471 2033 505 2085 ut
519 2025 615 2105 ipsum
631 2025 712 2103 illud,
735 2027 813 2106 quod
837 2026 867 2087 iu
887 2045 919 2088 se
934 2025 1079 2088 rationem
1094 2044 1155 2085 nou
1171 2025 1269 2097 hahet,
1285 2022 1316 2082 in

247 2108 361 2170 ratione
376 2117 519 2171 versetur.
549 2111 622 2171 Nam
644 2112 715 2172 mihi
739 2131 777 2173 ne
797 2112 896 2173 dicere
918 2110 1037 2189 quidem
1052 2110 1174 2171 ¹videtur
1194 2109 1250 2170 uisi
1266 2108 1317 2186 qui

195 2201 224 2252 13
246 2193 397 2274 disposite,
413 2203 525 2267 ornate,
541 2196 661 2275 copiose
677 2197 756 2272 dicit,
772 2197 823 2258 sed
837 2196 1019 2257 tumultuari.
1049 2197 1109 2256 Nec
1126 2193 1239 2256 fortuiti
1254 2211 1319 2254 ser·-

245 2348 284 2393 est
306 2343 370 2394 attia
396 2358 540 2394 concurras
562 2348 617 2396 orte
643 2351 669 2396 ct
695 2361 755 2398 cum
805 2345 1209 2409 raeadcerdumccribcndum‚
1225 2342 1322 2394 eicitti'

244 2412 333 2462 uenite
349 2413 406 2462 aute
423 2412 594 2464 conluctatio.
806 2414 844 2464 ad
867 2427 976 2463 caucam
1008 2412 1195 2478 amplicandam
1224 2413 1318 2462 ctatinc

279 2481 303 2532 9.
321 2480 486 2531 adliditu—
499 2481 689 2546 obseruatione,
703 2481 753 2546 egl.
805 2485 958 2532 occurrant.

246 2549 268 2611 l,
290 2550 327 2599 ll.
839 2541 1241 2611 miracula,‘llunststuclre',dae
1268 2546 1320 2599 rie-

278 2616 407 2682 cufflciat,
424 2615 536 2668 nimlich
554 2619 668 2671 anianus.
806 2616 908 2670 chieehe
927 2611 1068 2682 θαύματα,
1089 2615 1141 2682 agl.
1161 2615 1234 2667 Plato
1251 2561 1315 2682 ilep.

281 2687 319 2737 to.
332 2688 682 2750 quantum-prorogetur,
698 2683 754 2737 sind
808 2683 857 2750 vu,
875 2689 925 2738 514
943 2684 964 2736 Β
982 2684 1014 2736 de
1032 2683 1099 2750 legg.
1117 2683 1154 2746 lll,
1173 2685 1221 2736 658
1240 2681 1269 2736 B.

243 2751 400 2814 Auedruclre
413 2751 454 2804 die
466 2751 524 2804 dem
535 2751 687 2805 Geldweseu
700 2756 755 2804 ent·
837 2754 1001 2820 pilariorum
1009 2768 1042 2804 ac
1050 2753 1247 2804 emtitatorum.
1259 2750 1320 2802 Bei-

242 2818 315 2872 lehnt
328 2819 392 2872 sind.
412 2819 499 2872 Soriel
510 2820 545 2872 im
555 2819 642 2873 Reden
655 2820 755 2873 deraul-
806 2820 838 2872 de
855 2819 958 2873 Wdrter
974 2819 1059 2872 finden
1082 2821 1136 2874 sich
1154 2820 1181 2871 in
1200 2818 1244 2871 der
1261 2818 1317 2870 hier

244 2887 313 2952 geht,
330 2887 397 2940 mule
415 2887 459 2940 der
470 2886 571 2940 Redner
584 2889 639 2940 sich
651 2889 685 2940 im
697 2903 755 2940 vor·
804 2888 1003 2942 erlorderliclren
1012 2887 1162 2954 Bedeutung
1170 2901 1222 2938 von
1232 2884 1320 2939 Gaulrv

243 2968 289 3006 aus
306 2969 366 3006 vom
384 2954 454 3007 liade
477 2969 522 3008 aus
540 2955 630 3022 dissip
647 2956 754 3008 macheu
805 2955 843 3009 ler
855 2955 1126 3024 undl'esclrenspieler
1138 2952 1315 3009 welternicht.

242 3021 295 3074 und
313 3037 342 3074 so
361 3021 581 3087 gewiosermalsea
602 3024 673 3076 seium
690 3024 754 3076 Zala-
841 3028 880 3078 12.
898 3027 938 3076 ita
950 3051 982 3062 ·-
996 3027 1021 3075 ei
1037 3025 1071 3076 im
1089 3020 1315 3076 beschrinkenden

242 3088 445 3156 luogsl'alriglreit
468 3089 558 3157 linger
580 3090 753 3145 hinaussclrie·
806 3088 953 3146 Sinae‘nur
964 3093 991 3144 iu
1003 3092 1060 3144 dem
1071 3091 1150 3156 Folle,
1169 3086 1261 3154 wenn’,
1273 3089 1318 3140 bei·
1337 3121 1339 3124 -

242 3157 300 3210 ben.
336 3157 462 3222 (Becher).
806 3159 891 3221 Quint.
909 3160 961 3213 und
980 3160 1028 3212 den
1046 3161 1164 3227 spiteren
1181 3158 1315 3210 Lateinern

278 3229 318 3280 ll.
332 3226 513 3291 inrationalis,
521 3220 689 3294 ‘principles’,
699 3226 754 3280 also
806 3228 865 3280 sehr
881 3227 980 3288 nollem
999 3227 1038 3281 olt
1056 3227 1119 3280 wird
1133 3226 1198 3280 noch
1211 3227 1315 3276 dentum
1357 3259 1363 3272 .

242 3294 299 3346 eine
317 3295 497 3347 mechaoieclre
513 3294 661 3361 Fertlglrelt
805 3295 889 3348 linter
905 3298 945 3346 ita
963 3299 1069 3361 geeetzt.

276 3376 371 3414 manue
388 3391 422 3402 -
434 3364 568 3428 decurrit,
585 3363 637 3429 apl.
653 3362 704 3415 (lic.
722 3361 754 3414 de
839 3363 871 3414 de
889 3379 942 3430 pua
959 3389 993 3402 -
1009 3380 1108 3430 morus,
1127 3365 1142 3430 ἦ
1161 3365 1236 3414 e-t.

241 3435 306 3484 orat.
321 3429 350 3495 ll,
363 3433 403 3496 30,
416 3435 477 3484 130:
495 3430 588 3498 Neque
599 3433 678 3496 enim,
690 3447 754 3498 pua·
838 3435 868 3482 in
882 3434 989 3483 ratione
1001 3437 1128 3495 cantur,
1146 3431 1162 3484 i.
1176 3446 1197 3483 e.
1209 3432 1317 3482 cottone

242 3500 310 3549 deris
327 3501 435 3550 ammam
453 3500 564 3565 aliquod
581 3504 620 3551 act
636 3502 753 3552 scriben-
805 3504 982 3552 contineatur.

241 3567 304 3618 dum
316 3569 400 3630 nobie,
419 3569 671 3620 totienceiueverbi
682 3569 751 3620 litte·
838 3568 1010 3633 tumultuari,
1028 3568 1079 3634 vgl.
1098 3567 1125 3632 ll,
1146 3570 1185 3630 11,
1206 3569 1234 3619 11
1255 3579 1314 3616 cum

239 3640 360 3686 raecunt
370 3637 535 3700 cogitatione
546 3637 751 3703 conquirendae,
803 3638 911 3687 interim
928 3641 982 3686 non
994 3641 1098 3688 actores
1115 3637 1193 3688 modo
1211 3634 1315 3698 aliquae

240 3716 288 3752 nec
315 3705 439 3768 quotiens
461 3719 541 3756 cauea
569 3703 681 3756 dicem
705 3708 751 3768 eet,
802 3706 937 3768 invenias,
963 3705 1021 3768 ead,
1045 3704 1118 3770 quod
1140 3709 1179 3755 eet
1201 3703 1314 3766 turpius,

240 3769 776 3839 totieneadeiuscamoeeepoeitcan1
800 3776 986 3838 praeceptores
1012 3776 1107 3838 ctiam,
1138 3774 1185 3838 qui
1210 3773 1314 3820 mean

237 3842 366 3900 gumenta
383 3840 485 3890 recolui
501 3856 550 3892 noc
569 3844 686 3906 opertet,
706 3839 754 3890 aad
803 3839 910 3892 dicendi
935 3842 1156 3892 cumulationem
1179 3837 1315 3891 unaecuti

239 3905 336 3956 daim
353 3911 439 3958 corice
456 3907 538 3974 locas,
560 3911 615 3973 put,
636 3911 666 3960 ut
684 3909 752 3959 titte-
804 3910 899 3960 omuea
922 3911 1041 3974 ratione,
1064 3913 1097 3958 ut
1116 3909 1178 3960 tutti
1193 3907 1315 3973 impetui,
