2918 4564
535 242 642 295 00000
660 243 677 296 1.
696 245 712 308 s
732 245 873 296 ron-105.
1197 241 1239 302 40

165 429 213 480 tus
229 429 282 481 ost.
312 419 385 480 Nam
406 415 478 479 mihi
500 417 616 498 egregie
639 417 747 478 dixisse
766 416 882 478 videtur
898 417 1086 480 Servilius
1100 421 1126 480 N
1133 421 1242 482 onia·
1268 439 1270 446 ·

167 523 253 578 nus,
267 521 356 583 pares
371 523 422 564 eos
436 503 529 582 magis
543 521 631 582 quam
655 501 856 582 simitesequi
870 511 900 564 et
914 503 978 581 ipse
992 523 1009 562 a
1024 504 1111 566 nobis
1125 507 1241 568 auditus
1266 551 1268 555 ,

165 599 221 664 est,
238 589 308 650 clari
322 589 366 649 vir
381 589 493 667 ingenii
509 597 539 649 et
553 588 711 650 sententiis
726 587 833 648 creber
843 589 895 649 sed
906 588 1138 668 minuspressus
1154 611 1241 672 quana

165 673 305 735 historiae
327 674 485 734 auctoritas
500 673 639 753 postulat.
680 672 775 742 Quam
801 673 922 754 paulum
944 681 1038 734 aetate
1060 678 1242 752 praecedens
1251 681 1294 734 tat

166 777 235 819 eum
250 759 388 820 Bassus
403 758 585 819 Aufidius
600 757 728 836 egregie,
750 757 852 836 utique
872 759 903 818 in
927 758 1011 819 libris
1034 758 1105 820 belli
1120 759 1241 821 Germa-
1308 827 1310 832 ,

166 844 236 918 nici,
251 844 405 923 praestitit,
420 861 531 922 genere
547 843 612 922 ipso
628 841 790 922 probabilis
805 843 833 902 in
852 843 1000 918 omnibus,
1020 843 1051 904 in
1067 844 1241 922 quibusdam

165 929 227 990 suis
241 929 304 1009 ipse
317 927 430 989 viribus
443 927 551 988 minor.
582 928 725 1008 Superest
746 928 842 988 adbuc
857 936 888 988 et
904 937 991 989 ornat
1005 929 1107 991 aetatis
1123 940 1241 992 nostrae
1250 938 1295 989 104

165 1013 288 1093 gloriam
303 1014 348 1074 vir
362 1014 548 1074 saeculorum
570 1013 712 1074 memoria
728 1012 844 1092 dignus,
868 1013 919 1092 qui
943 1013 1011 1074 olim
1028 1015 1240 1091 nominabitur,

165 1117 248 1161 nunc
260 1099 451 1178 intedegitur.
474 1099 570 1159 Habet
581 1106 727 1159 amatores
739 1116 795 1160 nee
807 1098 945 1159 inmerito
958 1097 1142 1160 Cremutii
1151 1100 1243 1162 liber-

165 1192 219 1257 tae,
236 1201 415 1263 quamquam
430 1184 612 1245 circumcisis
624 1201 699 1262 quae
711 1183 820 1244 dixisse
837 1183 863 1243 ei
875 1191 1027 1243 nocuerat.
1058 1184 1117 1245 Sed
1132 1185 1242 1249 elatum

165 1269 284 1330 abunde
299 1269 437 1348 spiritum
452 1277 483 1329 et
496 1269 621 1330 addaces
642 1268 804 1329 sententias
826 1268 1035 1347 deprehendas
1046 1269 1133 1329 etiam
1148 1271 1179 1330 in
1195 1272 1241 1333 his

165 1373 243 1433 quae
257 1362 389 1415 manent.
419 1354 496 1415 Sunt
511 1354 602 1432 etalii
614 1353 776 1433 scriptores
787 1351 868 1427 boni,
884 1353 936 1414 sed
951 1372 1007 1415 nos
1022 1359 1133 1432 genera
1148 1356 1240 1434 degu-

165 1447 286 1513 stamus,
303 1457 364 1499 non
380 1438 574 1499 bibliothecas
590 1439 763 1499 excutimus.
1230 1451 1232 1458 ’

251 1524 391 1586 Oratores
404 1542 475 1584 vero
489 1525 535 1584 vel
550 1523 708 1604 praecipue
725 1521 859 1582 Latinam
871 1523 1069 1600 eloquentiam
1081 1542 1182 1604 parem
1197 1526 1242 1586 ia·
1251 1533 1294 1584 lot

164 1627 234 1669 cere
246 1609 375 1668 Graecae
392 1616 527 1688 possunt.
550 1607 623 1668 Nam
636 1607 861 1668 Ciceronem
874 1608 1052 1690 cuicumque
1064 1627 1167 1670 eorum
1179 1611 1241 1670 ior·

166 1694 236 1754 titer
251 1693 451 1772 opposuerim.
481 1693 542 1754 Nec
557 1693 679 1773 ignoro,
696 1699 837 1770 quantam
851 1692 924 1753 mihi
939 1693 1085 1753 concitem
1101 1713 1241 1775 pugnam,

165 1795 234 1838 cum
249 1778 424 1856 praesertim
440 1797 501 1839 non
517 1779 546 1838 id
562 1778 600 1839 sit
614 1777 769 1857 propositi,
784 1783 819 1838 ut
834 1796 902 1839 eum
914 1778 1106 1839 Demostheni
1121 1799 1242 1860 eompa-

165 1880 229 1923 rem
244 1863 301 1924 boc
316 1871 465 1943 tempore3
481 1881 580 1942 neque
595 1863 675 1923 enim
687 1863 801 1936 attinet,
818 1880 886 1923 cum
898 1863 1115 1924 Demosthenen
1133 1865 1163 1927 in
1179 1865 1241 1944 pri·

200 2013 343 2075 Seruilius,
361 2013 498 2080 gestorben
517 2017 549 2066 60
568 2029 591 2066 n.
611 2014 676 2077 Chr,
729 2018 772 2065 ten
799 2011 895 2064 wieder
922 2028 954 2062 zu
981 2013 1116 2065 sammeln·
1131 2013 1184 2066 und
1211 2031 1243 2070 zu

166 2081 207 2133 ein
235 2081 408 2147 angesehener
431 2080 507 2132 Manu
535 2097 566 2132 zu
593 2082 677 2132 seiner
729 2081 810 2132 lesen.
838 2079 885 2131 Bei
897 2078 942 2130 der
953 2095 1037 2132 neuen
1050 2080 1169 2146 llusgabe
1187 2081 1243 2134 der-

165 2149 229 2214 Zeit,
248 2149 374 2200 Kousular
391 2148 443 2200 und
460 2147 632 2201 vonPlin.ll.
652 2164 676 2201 n.
729 2147 819 2200 selben
853 2162 907 2198 war
941 2147 1005 2200 alles
1041 2148 1162 2216 politisch
1190 2149 1242 2202 An·

165 2220 207 2281 28,
220 2219 268 2279 2,5
281 2220 410 2284 princepe
422 2219 540 2267 civitatis
558 2220 678 2282 genennt,
728 2215 837 2282 stdisige
860 2215 998 2282 sorglirltig
1019 2216 1166 2268 uermieden
1189 2219 1242 2270 und

165 2285 218 2350 vgl.
236 2284 296 2337 Tac.
315 2285 381 2338 Ann.
399 2284 464 2349 XlV,
485 2288 524 2337 19.
729 2283 770 2336 die
796 2282 996 2336 inirriminierten
1024 2285 1123 2336 Artikel
1152 2301 1244 2352 ausge

202 2355 258 2406 103.
284 2353 383 2404 Baccara
408 2353 548 2416 Aufidius,
576 2352 678 2418 Zeitge-
729 2351 864 2416 ecbieden,
891 2351 959 2404 ohne
983 2351 1039 2404 dale
1064 2352 1176 2406 dadurch
1198 2355 1243 2408 der

165 2435 243 2472 nosse
261 2421 306 2472 des
320 2420 451 2482 Servilius,
466 2421 522 2473 sein
534 2420 679 2472 Fortsetzer
731 2419 869 2472 Charahter
894 2421 979 2472 seiner
1001 2420 1164 2489 Darstellung
1190 2438 1242 2474 we·

166 2503 222 2540 war
239 2488 284 2540 der
298 2489 378 2540 altere
391 2488 500 2540 Plinius:
520 2489 620 2540 schrieb
638 2488 679 2540 die
730 2489 840 2540 sentllch
859 2487 1058 2554 beeintrichtigt
1076 2491 1173 2541 warde.

166 2555 320 2607 Geschiehte
339 2557 384 2607 der
401 2556 457 2608 Zeit
475 2557 521 2607 des
540 2559 679 2622 Augustus.
765 2556 877 2619 abunde,
886 2555 928 2606 bei
939 2554 1024 2615 Quint.
1034 2555 1113 2608 alters
1123 2573 1167 2608 zur
1177 2555 1243 2609 Stei-

203 2626 259 2676 104.
289 2624 417 2688 Superest
441 2653 476 2661 —
504 2625 679 2688 intellegitur,
731 2637 829 2690 gernng
846 2623 891 2674 dee
904 2622 1040 2688 AdJehtivs
1053 2625 1114 2675 oder
1126 2624 1242 2678 Adverbs

167 2691 379 2742 wahrscheiniich
406 2691 439 2742 ist
466 2690 571 2743 Tacitus
600 2691 680 2742 darnit
730 2691 885 2756 gebraucht;
904 2705 923 2741 s.
944 2693 959 2753 ξ
978 2693 1019 2743 20.
1060 2717 1061 2720 ¹

166 2758 288 2825 gemeint.
325 2759 457 2824 Superest,
475 2759 501 2808 in
521 2759 565 2810 dcr
580 2757 679 2810 Bedeu-
763 2760 898 2822 spiritum.
933 2757 991 2824 Vgl.
1009 2760 1025 2822 5
1043 2762 1085 2810 tt.
1199 2823 1202 2828 Ι

166 2835 231 2893 tang
249 2827 298 2879 wie
316 2829 341 2891 2,
359 2829 400 2878 28.
743 2827 942 2890 ‘degustamus
978 2824 1035 2892 Vgi.
1055 2831 1079 2890 5,
1097 2829 1138 2880 23.

203 2895 362 2957 Cremutius,
381 2893 486 2957 Gordus,
505 2910 549 2947 zur
561 2894 618 2946 Zeit
632 2892 677 2946 des
766 2898 822 2946 toa.
842 2893 941 2956 Cicero,
960 2895 1017 2959 geb.
1034 2897 1082 2948 106
1094 2911 1118 2946 r.
1135 2895 1191 2947 Ghr.
1205 2909 1243 2948 cr-

167 2963 299 3029 Tibenus,
331 2963 372 3014 eio
404 2961 678 3026 Geschichtsehreiber‚
729 2962 829 3014 mordet
845 2965 878 3014 43
897 2962 938 3014 000
956 2962 1052 3028 Gajeta.

166 3031 281 3083 welcher
297 3032 344 3082 mit
361 3030 575 3082 richsichtsioser
594 3029 679 3080 [(000-
765 3032 929 3096 cuicumque,
948 3031 983 3082 ist
1000 3029 1075 3083 Pron.
1093 3031 1196 3083 indelin.

167 3099 348 3166 heitvorging.
377 3098 679 3151 Erwurdesehlielsiich
764 3103 1076 3164 quantam—pugnam,
1093 3101 1170 3166 zeigt,
1188 3101 1244 3152 dale

167 3165 678 3234 0003001ος0,000οΤ00.000.Ν,4,34Ιΐ.
730 3181 789 3218 man
817 3166 979 3233 gewdhnlich
1004 3168 1095 3219 andeis
1120 3168 1183 3219 iiber
1205 3169 1245 3219 Gi-

169 3237 241 3300 quod
258 3236 336 3286 editio
354 3237 496 3287 annonam
518 3235 680 3300 moduloque
731 3249 789 3286 cero
811 3235 929 3298 urteilte,
953 3233 1054 3286 uorans
1074 3233 1159 3294 Quint.
1182 3235 1244 3288 wie-

168 3303 204 3353 M.
221 3303 680 3356 BrutoG.Gaseinm1tomanorum
731 3303 832 3354 derholt
858 3300 1066 3354 zurairlxlxommt:
1095 3303 1148 3368 rgl.
1178 3305 1242 3356 anch

168 3371 293 3420 ultimum
314 3372 433 3422 dictaret.
467 3371 501 3421 Er
524 3375 604 3422 tdtete
625 3371 680 3422 sich
730 3371 791 3424 Tac.
810 3369 873 3422 Dial.
895 3373 933 3422 ta.
957 3373 1007 3423 18.⁴

169 3437 251 3490 selbst
268 3438 346 3489 durch
359 3439 469 3504 ilunger.
495 3437 572 3490 Seioe
585 3437 681 3490 Schrii-
765 3455 826 3488 eum
841 3440 1014 3504 praesertim,
1044 3435 1077 3488 Es
1100 3436 1166 3489 iehlt
1189 3439 1245 3490 hier
1292 3443 1301 3464 ·

168 3505 617 3571 tenunrdenauiSenatsbeschluis
630 3520 680 3556 von
731 3505 775 3556 der
798 3505 976 3557 vermitteInde
999 3505 1149 3570 Ubergang,
1176 3511 1243 3558 etwa

169 3573 218 3626 den
228 3573 319 3624 Adiien
332 3575 478 3635 verbrannt,
491 3575 552 3624 aber
564 3574 601 3623 sie
615 3587 680 3624 wur·
731 3573 778 3623 sed
793 3576 869 3624 mitto
888 3575 957 3624 hanc
974 3589 1042 3636 retu,
1066 3573 1178 3624 weicher
1196 3573 1245 3626 Ge·

169 3641 218 3694 den
237 3641 378 3706 verborgen
396 3641 455 3704 und·
473 3641 680 3706 hereusgegeben
733 3640 817 3692 danke
839 3641 892 3691 sich
917 3641 981 3693 auch
1005 3656 1051 3692 aus
1077 3639 1135 3691 dem
1158 3639 1243 3707 gleieh

169 3710 248 3762 durch
272 3709 439 3776 blitwirkung
463 3709 547 3761 seiner
571 3707 682 3759 Tochter
733 3709 844 3760 nachher
856 3709 994 3774 folgenden
1003 3723 1088 3775 neque
1098 3710 1169 3759 enim
1180 3711 1244 3760 attt-

170 3777 263 3830 hlarcia
290 3780 321 3841 (s.
343 3776 457 3830 Senecae
479 3776 622 3828 consolatio
649 3775 681 3828 ad
732 3781 779 3826 net
794 3776 900 3842 ergiebt.

170 3845 290 3898 blanciam
308 3861 330 3898 c.
345 3850 376 3904 tt.
407 3845 522 3911 Caligula
535 3848 680 3910 gestattete,
768 3859 827 3894 mem
839 3844 1075 3894 Demosthenen-
1082 3849 1181 3909 putero,
1198 3846 1242 3899 da-

171 3911 241 3966 diese
258 3915 309 3967 und
327 3915 420 3966 andere
436 3915 575 3966 verbotene
588 3911 682 3964 Schrii-
733 3911 811 3964 durch
824 3913 886 3963 heht
898 3911 983 3972 Quint.
997 3911 1047 3963 den
1058 3910 1243 3966 Demosthenes

222 4005 315 4055 Quintil.
323 4006 379 4049 last
387 4009 442 4050 orat.
451 4006 500 4048 bib.
508 4005 534 4047 1.
547 4009 568 4048 0.
577 4006 634 4050 nun.
1023 3999 1039 4048 4
