2918 4564
547 216 654 270 carun
672 217 722 271 vn.
741 221 756 284 s
774 220 883 272 ee-an.
1206 213 1245 278 87

177 403 244 470 tur;
260 395 336 456 siout
350 394 453 456 rustici
467 394 616 474 proximas
631 393 696 455 vitis
718 393 829 457 radices
850 403 1011 472 amputant,
1032 413 1105 473 quae
1120 395 1198 457 illam
1213 395 1244 455 in

177 494 326 540 summum
347 479 442 540 solum
464 480 586 555 ducunt,
609 486 641 540 ut
662 478 818 540 interiores
839 479 958 558 penitus
973 480 1178 543 descendendo
1194 481 1245 542 lir-

177 572 305 624 mentm.
334 565 375 625 Ac
398 565 498 625 nescio
513 583 560 637 an,
583 563 608 624 si
622 571 782 643 utrumque
803 581 870 624 cum
892 581 962 626 cura
985 572 1014 624 et
1029 565 1125 626 studio
1141 565 1244 626 feceri·
1267 577 1297 628 29

178 665 252 722 mus,
275 648 400 710 invicem
422 649 524 728 prosit,
547 656 580 709 ut
599 648 756 710 scribendo
779 649 907 712 dicamus
923 649 1102 728 diligentius,
1118 650 1243 712 dicendo

178 733 340 796 scribamus
354 735 476 796 facilius.
507 733 705 795 Scribendum
721 751 801 814 ergo,
818 736 955 813 quotiens
967 734 1067 796 licebit
1073 753 1082 812 ;
1097 735 1122 796 si
1136 735 1166 796 id
1181 753 1243 812 non

177 819 530 897 dabitur,.cogitandum;
554 818 590 879 ab
612 826 739 897 utroque
761 820 871 881 exclusi
894 819 1002 882 debent
1022 827 1120 882 tamen
1136 819 1165 881 id
1181 821 1244 880 elil·

178 921 253 979 cere,
268 912 300 964 nt
316 919 414 982 neque
430 905 633 984 deprehensus
648 911 748 964 orator
759 921 856 982 neque
868 905 997 984 litigator
1009 905 1164 967 destitutus
1180 923 1244 968 esse

175 987 315 1050 videatur.

261 1074 439 1152 Plerumque
460 1083 557 1135 antem
580 1072 668 1134 multa
688 1073 844 1152 agentibus
865 1075 978 1149 accidit,
1000 1083 1033 1135 nt
1050 1075 1174 1136 maxime
1191 1094 1244 1136 ne·
1264 1086 1294 1137 30

177 1159 300 1220 cessaria
316 1167 345 1220 et
360 1158 461 1237 utique
476 1159 559 1219 initia
574 1158 714 1232 scribant,
731 1168 829 1220 cetera
845 1178 921 1238 quae
936 1159 1024 1220 domo
1040 1161 1177 1221 adierunt
1192 1179 1242 1220 co·

176 1243 317 1320 gitatione
338 1245 582 1322 complectantur,
609 1243 715 1304 subitis
743 1263 779 1304 ex
798 1255 931 1326 tempore
954 1253 1121 1306 occurrant.
1157 1245 1242 1316 Quod

176 1329 279 1390 fecisse
302 1327 339 1389 M.
364 1328 492 1390 Tullium
515 1327 735 1389 commentariis
758 1328 850 1407 ipsius
872 1338 1002 1409 apparet.
1033 1329 1090 1390 Sed
1105 1331 1243 1391 seruntur

112 1445 119 1456 .
176 1413 301 1474 aliorum
316 1431 436 1492 quoque
451 1422 481 1474 et
494 1413 607 1474 inventi
622 1415 707 1486 sorte,
723 1423 757 1474 ut
768 1433 819 1474 eos
831 1414 964 1476 dicturus
980 1414 1105 1493 quisque
1120 1431 1241 1494 compo·

174 1508 282 1570 suerat,
299 1506 327 1559 et
342 1499 373 1558 in
389 1497 481 1559 libros
495 1497 608 1576 digesti,
625 1506 658 1558 ut
673 1515 828 1559 causarum
843 1516 918 1577 quae
933 1507 1003 1560 sunt
1018 1509 1100 1560 actae
1112 1497 1240 1578 aServio

174 1581 315 1661 Sulpicio,
338 1583 422 1644 cuius
443 1591 505 1644 tres
527 1583 674 1644 orationes
697 1591 813 1658 extant3
837 1583 887 1645 sed
909 1584 939 1644 bi
961 1584 997 1644 de
1013 1583 1120 1663 quibus
1135 1584 1242 1662 loquor

174 1667 378 1728 commentarii
392 1668 431 1728 ita
447 1676 518 1729 sunt
532 1668 635 1740 exacti,
650 1676 684 1730 ut
697 1666 734 1728 ab
750 1668 813 1746 ipso
830 1668 900 1729 mihi
912 1667 943 1729 in
956 1669 1126 1730 memoriam
1142 1677 1252 1748 posto.

173 1752 268 1813 nitatis
278 1752 434 1813 videantur
445 1771 508 1814 esse
521 1753 685 1832 compositi.
708 1753 782 1814 Nam
795 1753 945 1814 Ciceronis
955 1755 990 1814 ad
1002 1772 1144 1835 praesens
1154 1755 1241 1814 modo
1263 1762 1292 1814 31

173 1847 289 1915 tempus
308 1846 423 1916 aptatos
443 1836 566 1898 libertus
586 1837 656 1898 'liro
679 1837 840 1914 contraxit3
863 1855 937 1917 quos
959 1855 1019 1900 non
1041 1839 1107 1900 ideo
1124 1856 1240 1913 excuso,

173 1921 240 2000 quia
258 1939 318 1982 non
334 1921 466 2003 probem,
482 1923 533 1983 sed
549 1932 582 1985 ut
596 1922 656 1984 sint
670 1923 761 2002 magis
783 1921 979 1984 admirabiles.
1009 1923 1042 1984 ln
1058 1925 1116 1986 hoc
1131 1941 1241 2003 genere

172 2025 294 2085 prorsus
315 2007 426 2087 recipio
447 2008 524 2067 hanc
546 2006 664 2068 brevem
687 2007 906 2068 adnotationem
926 2006 1109 2086 libellosque,
1131 2008 1182 2087 qui
1195 2007 1240 2068 vel

172 2109 262 2153 manu
278 2100 436 2152 teneantur
451 2091 529 2153 etad
546 2110 621 2170 quos
635 2091 755 2154 interim
771 2091 920 2172 respicere
935 2093 978 2154 ias
993 2093 1040 2154 sit.
1071 2093 1146 2154 lllud
1161 2093 1242 2171 qnod
1262 2101 1291 2153 tt

171 2275 260 2329 Worte
283 2276 397 2329 erhalten
419 2275 504 2329 Grand
525 2276 577 2329 und
600 2275 681 2329 Tiele.
766 2291 794 2327 en
818 2276 899 2329 libras
920 2277 1032 2342 digesti,
1057 2271 1098 2330 ‘zu
1124 2277 1241 2331 Buchern

170 2343 294 2408 (Becher).
731 2339 876 2410 vereinigt'.

204 2415 345 2477 innatans,
371 2413 397 2463 in
425 2412 605 2478 ubertragener
632 2411 681 2464 Be·
765 2411 909 2478 sapidae,
928 2428 948 2464 s.
969 2415 990 2476 1,
1012 2415 1067 2466 116.

171 2478 285 2545 deutung
302 2495 349 2530 nnr
369 2480 434 2530 noch
452 2479 504 2544 Vll,
525 2483 598 2545 1,14
616 2481 681 2532 baec
764 2481 811 2530 sed
827 2482 863 2546 lei,
882 2479 964 2532 bildet
981 2479 1031 2532 den
1048 2479 1190 2548 Gegensatp
1208 2497 1239 2534 zu

171 2546 244 2597 uelat
252 2546 407 2598 innatantia
419 2547 546 2598 videbunt
558 2547 582 2598 d.
592 2545 615 2599 i.‘
625 2562 680 2600 was
731 2547 788 2600 dem
801 2548 894 2614 obigen
905 2547 982 2611 Quod
990 2575 1023 2584 —
1036 2555 1154 2613 apparet
1172 2549 1240 2601 Uber

170 2614 225 2666 sich
242 2631 294 2666 von
312 2613 393 2666 selbst
410 2613 544 2666 darbietet.
731 2613 1241 2680 diestilistiscneNaehlassigkettanin-

204 2685 233 2732 in
251 2682 335 2734 altum
352 2707 387 2727 =
404 2681 430 2733 in
448 2681 609 2748 protundum.
733 2683 831 2749 leitnng
849 2682 875 2734 S.
897 2686 934 2736 ta.
1194 2690 1197 2698 '

202 2753 274 2800 sicat
288 2752 386 2800 rustici
401 2778 436 2787 —
452 2749 601 2813 limentur.
631 2749 679 2802 Der
764 2754 793 2803 in
817 2753 973 2803 memoriam
997 2753 1174 2816 posteritatis,
1201 2751 1241 2803 liar

170 2817 315 2870 Landmann
340 2817 471 2870 schneidet
497 2817 538 2869 die
567 2817 679 2870 flachlie-
731 2817 1241 2886 dieErinnerungderNaehwelt,gleich-

169 2885 270 2952 genden
281 2883 400 2938 Wuraeln
409 2885 449 2948 ab,
462 2885 540 2937 demit
552 2885 594 2937 die
606 2885 680 2938 tieier
730 2886 875 2939 bedentend
887 2887 922 2938 ist
936 2889 958 2951 1,
971 2889 1001 2938 31
1013 2887 1131 2939 adonem.
1140 2893 1240 2954 poster.
1269 2929 1270 2932 .

168 2954 304 3020 liegenden
326 2952 399 3006 desto
422 2953 494 3005 mehr
510 2953 537 3004 in
555 2953 596 3006 die
613 2953 679 3006 Erde
765 2957 805 3007 31.
824 2953 902 3006 Nam.
936 2952 1035 3006 Anders
1059 2955 1128 3008 stelit
1152 2970 1179 3007 es
1197 2956 1240 3008 bei

169 3021 326 3088 eindringen.
731 3021 832 3087 Cicero,
855 3023 925 3075 seine
949 3026 1134 3074 commentarii
1154 3023 1240 3091 liegen

202 3105 333 3142 summam
344 3090 438 3154 selum,
449 3082 500 3140 ‘die
514 3085 678 3143 uberutele'.
730 3090 801 3143 nicht
817 3090 844 3142 in
862 3090 906 3143 der
918 3091 1128 3158 urspringlichen
1142 3090 1239 3143 Gestalt

203 3161 245 3211 29.
270 3163 427 3222 utrumqne,
453 3157 564 3210 ndmlieb
592 3158 679 3209 disere
729 3173 790 3222 vor,
814 3157 924 3211 sondern
948 3157 1005 3210 sind
1022 3157 1143 3210 verkdrzt
1161 3159 1240 3214 durch

170 3225 222 3278 und
238 3228 362 3277 semdae.
729 3225 803 3288 'l'ir03
826 3227 886 3278 aber
903 3225 969 3277 auch
987 3226 1012 3276 in
1031 3225 1114 3278 dieser
1130 3225 1240 3278 vertar-

202 3294 390 3359 deprsbensus,
414 3286 534 3357 ‘erlaist’‚
557 3287 593 3344 ‘in
617 3293 679 3346 Ver·
729 3308 797 3360 rung
814 3294 896 3346 baben
915 3293 953 3346 sie
970 3292 1055 3345 hohen
1074 3292 1154 3347 Wert.

168 3360 298 3426 legenheit
316 3357 438 3427 gesetat'.
762 3377 869 3425 camno,
889 3354 940 3412 ‘ich
957 3360 1030 3413 idbre
1047 3361 1172 3414 nebenbei
1191 3357 1239 3414 an‘.

203 3430 244 3481 30.
261 3429 364 3493 subita,
385 3427 442 3480 sind
459 3427 609 3493 pldtzliche‚
632 3443 679 3480 un·
762 3429 1240 3495 lnbocgenerandmlichinaetione

168 3495 388 3562 verborgesehene
405 3494 623 3561 Antorderungen.
729 3499 912 3562 aaamparatt.
939 3495 1239 3564 DenGegensatzbilden

203 3566 413 3628 commentariis,
431 3561 625 3615 benksobrilten
642 3563 678 3616 im
729 3564 770 3616 die
782 3563 958 3632 Worteinlais
968 3581 1035 3632 quae
1046 3567 1240 3631 scripserimus.

167 3632 303 3684 weitesten
316 3630 403 3697 Sinne,
421 3630 498 3683 daher
514 3631 578 3682 auch
591 3630 678 3684 Notiu-
762 3635 876 3718 recipio,
900 3627 952 3685 ‘iah
970 3633 1061 3686 nehme
1085 3626 1139 3698 an',
1162 3628 1239 3686 ‘lasse

167 3700 270 3753 bucher.
317 3698 391 3751 Diese
423 3701 606 3751 commentarii
639 3698 679 3750 Ci—
729 3700 832 3765 gelten:
851 3701 892 3752 ein
906 3700 1042 3752 Ausdruck
1059 3700 1103 3752 der
1121 3702 1257 3769 spiteren'

168 3783 240 3821 ceros
267 3765 371 3820 werden
392 3766 458 3819 anab
479 3765 520 3830 lV,
546 3770 569 3832 1,
586 3770 618 3820 69
641 3782 678 3819 er·
729 3767 857 3819 Latinitit.

167 3837 264 3888 wibnt.
764 3837 876 3898 libellos,
901 3834 987 3887 kleine
1004 3834 1091 3901 llelte,
1115 3836 1156 3889 die
1180 3852 1238 3889 nean

201 3902 335 3970 fanantur,
353 3917 374 3958 s.
393 3917 425 3954 au
448 3905 466 3969 l,
487 3904 527 3956 at.
729 3903 839 3972 hequem
858 3903 1009 3956 handhaben
1027 3903 1103 3960 kann.
