2918 4564
479 213 587 266 eurus
604 214 645 268 u.
663 214 773 282 §.a-a.
809 215 858 268 vu
876 217 892 283 ς
913 219 934 270 t.
1068 275 1073 281 ,
1202 211 1243 275 tt

171 409 229 470 que
252 390 332 452 enim
353 400 468 451 tantum
489 387 599 450 habent
620 407 717 462 curae,
740 398 773 449 ut
794 409 855 450 non
879 390 917 452 sit
932 390 1046 452 dandus
1060 401 1090 452 et
1101 393 1242 456 fortunae

171 477 264 550 locuS,
281 487 350 536 cunr
365 493 452 554 saepe
467 462 553 536 etiem
568 474 687 554 scriptis
708 492 751 547 ea,
771 492 848 553 quae
864 474 962 536 subito
978 485 1047 536 nata
1061 486 1139 550 sunt,
1162 477 1243 538 inse-

170 570 283 623 rantur.
314 548 442 639 ideoque
457 568 552 620 totunm
568 559 624 620 hoo
635 558 853 620 exercitationis
866 577 962 639 genus
977 560 1017 620 ita
1027 561 1242 624 instituendum

171 655 224 720 est,
241 656 273 708 ut
288 656 317 706 et
331 646 444 726 digredi
459 665 495 706 ex
510 663 545 706 eo
561 653 590 705 et
602 645 721 724 ”regredi
741 643 772 704 in
785 643 817 706 id
833 645 918 706 facile
934 645 1091 724 possimus.
1122 647 1195 708 Nam
1209 657 1242 708 ut
1263 654 1278 704 6

170 734 297 812 primum
314 742 359 793 est
373 733 461 792 domo
477 732 591 792 allierre
612 738 742 809 paratam
758 729 874 790 dicendi
890 729 1005 809 copiam
1020 740 1187 804 etcertum,
1202 732 1241 792 ita

170 817 298 879 relatore
319 817 462 896 temporis
481 833 605 876 munera
626 815 715 894 longe
736 815 941 876 stultissimum
962 825 1016 876 est.
1046 815 1144 888 Quare
1156 817 1242 896 cogi-

170 904 239 964 tatio
255 904 286 964 in
303 904 360 963 hoc
375 908 577 982 praeparetur,
594 909 626 960 ut
642 899 828 960 nostortuna
840 899 977 979 decipere
993 919 1055 961 non
1071 902 1174 980 possit,
1188 902 1242 962 ad·

170 989 267 1050 iuvare
283 987 384 1068 possit.
414 987 446 1048 ld
461 993 558 1046 amem
574 986 625 1046 liet
639 983 798 1045 memoriae
809 985 931 1059 viribus,
947 993 979 1046 ut
994 986 1051 1060 illa,
1068 1003 1143 1065 quae
1159 1003 1242 1048 com-

105 1137 109 1142 ,
169 1073 247 1154 pleri
264 1074 362 1133 animo
377 1089 489 1144 sumus,
506 1070 598 1130 fluant
613 1088 733 1145 securae
755 1087 828 1142 non,
846 1070 986 1132 sollicitos
1002 1080 1032 1131 et
1046 1071 1241 1151 respicientes
1284 1135 1286 1139 ,

169 1167 272 1219 etune
288 1174 341 1236 spe
356 1175 520 1235 suspensos
537 1153 753 1216 recordationis
773 1174 833 1216 non
850 1155 949 1217 sinant
964 1155 1130 1235 providere.
1161 1156 1241 1217 Alio-

169 1244 220 1322 qui
234 1243 281 1304 vel
295 1241 522 1322 extemporalem
537 1241 733 1301 temeritatem
747 1240 824 1300 malo
839 1259 926 1319 quam
942 1241 1016 1302 male
1032 1243 1239 1304 cohaerentem

169 1327 386 1407 cogitationem.
417 1327 505 1388 Peius
516 1325 596 1386 enim
608 1324 761 1404 quaeritur
771 1333 928 1400 retrorsus,
944 1327 1022 1404 quia,
1038 1327 1108 1388 dum
1123 1327 1172 1388 illa
1187 1327 1239 1388 de·
1261 1335 1275 1384 t

169 1413 340 1486 sideramus,
355 1411 392 1472 ab
407 1411 471 1472 aliis
486 1407 654 1484 avertimur,
676 1419 706 1470 et
728 1429 764 1470 cx
778 1411 919 1472 memoria
934 1412 1035 1490 potius
1049 1431 1097 1474 res
1112 1413 1241 1492 petimus
1270 1463 1273 1470 ,

169 1515 255 1578 mam
268 1517 303 1559 ex
315 1497 446 1558 materia.
473 1496 559 1557 Plura
572 1504 642 1556 sunt
653 1504 762 1568 autem,
774 1495 799 1556 si
810 1496 960 1574 utrimque
972 1499 1173 1574 quaerendum
1186 1505 1239 1570 est,

169 1601 244 1661 quae
259 1582 385 1643 inveniri
401 1590 528 1660 possunt
542 1597 628 1659 quam
645 1598 723 1658 quae
736 1579 854 1640 iuventa
870 1590 949 1642 sunt.

8 1965 10 2016 t
603 1935 712 2009 Curua
741 1935 806 2006 Vll.

8 2031 9 2042 ἵ
113 2117 115 2121 -
229 2069 562 2157 QUElttuttuuult
594 2068 925 2151 EXTEMPORALIS
951 2069 1177 2146 lucullus

387 2187 589 2262 PARETUR
616 2189 672 2262 ut
700 2188 1014 2264 courtmatrut.

182 2401 184 2408 ,
251 2361 393 2422 Maximus
412 2379 482 2422 vero
505 2359 670 2423 studiorum
699 2362 814 2424 fructus
836 2369 889 2434 est,
916 2365 945 2421 et
971 2360 1050 2421 velut
1074 2360 1273 2440 praemiumt

167 2446 313 2523 quoddam
334 2446 546 2523 amplissimum
565 2446 647 2525 longi
667 2446 786 2516 laboris,
810 2465 848 2506 ex,
861 2455 996 2523 tempore
1011 2445 1129 2506 dicendi
1143 2446 1236 2506 iacul-

166 2537 224 2604 tas;
239 2547 326 2608 quam
343 2530 391 2607 qui
409 2548 469 2590 non
486 2531 542 2590 erit
563 2539 750 2603 consecutus
771 2549 836 2590 mea
851 2528 971 2608 quidem
985 2530 1132 2590 sententia
1147 2529 1237 2590 civili·

166 2613 222 2676 bus
243 2613 347 2675 officiis
368 2614 551 2675 renuntiabit
572 2623 601 2675 et
621 2615 712 2676 solam
734 2612 884 2676 scribendi
905 2611 1071 2674 facultatem
1087 2613 1186 2693 potius
1200 2615 1237 2675 ad

166 2698 221 2761 alia
233 2717 324 2779 opera
336 2708 497 2762 convertet.
528 2699 580 2760 Vix
593 2699 676 2761 enim
685 2698 781 2764 bonae
793 2699 859 2760 fidei
870 2699 933 2759 viro
946 2699 1085 2763 convenit
1096 2699 1235 2778 auxilium

166 2785 197 2844 in
213 2785 364 2863 publicum
380 2784 522 2863 polliceri,
544 2784 623 2863 quod
644 2785 893 2862 praesentissimis
914 2783 1080 2863 quibusque
1096 2784 1236 2863 periculis

166 2867 255 2944 desit3
273 2869 384 2931 intrare
402 2879 529 2948 portum,
546 2868 581 2929 ad
597 2886 686 2948 quem
699 2869 780 2931 naris
792 2870 932 2930 accedere
945 2868 1001 2929 nisi
1012 2869 1129 2930 lenibus
1141 2869 1236 2931 ventis
1252 2899 1254 2912 ·

164 2996 239 3067 nnr’,
263 3003 352 3054 uident
375 3003 429 3054 sich
454 3002 499 3054 der
522 3002 674 3070 Bedeutung
724 3001 901 3068 herqeheuden
927 3002 958 3052 td
979 3001 1027 3064 fiet
1047 3007 1079 3052 ot
1095 3031 1128 3042 -·-
1144 3017 1237 3058 sumus

164 3085 215 3123 von
233 3075 346 3122 motum.
478 3089 479 3096 ¹
517 3107 519 3114 .
672 3105 674 3112 >
724 3086 755 3122 nu
768 3069 954 3122 ,wledeelrclen

198 3142 304 3189 tontum
321 3153 403 3190 ceree
415 3140 520 3201 helmet,
538 3131 576 3192 ‘es
593 3140 627 3192 ist
642 3154 674 3192 so
758 3142 782 3190 l.
800 3143 949 3201 retrorsus,
972 3137 1052 3190 nitere
1074 3138 1115 3189 bei
1140 3137 1235 3203 Quint,

164 3205 215 3257 viel
233 3205 315 3272 Serge
332 3206 424 3259 darauf
438 3201 605 3261 verwendet'.
725 3206 804 3259 durch
828 3206 870 3258 die
892 3205 996 3258 lilcltter
1019 3206 1045 3256 in
1069 3205 1110 3258 die
1133 3206 1235 3272 spitere

198 3275 221 3325 6.
232 3274 308 3325 domo
321 3273 437 3339 eddom,
448 3268 509 3328 ‘reu
521 3275 604 3328 lloose
616 3277 675 3328 mit*
725 3274 803 3327 Prosa
821 3275 1027 3340 ibergegangen.

165 3336 287 3406 bringen',
306 3343 363 3394 eine
377 3343 412 3393 im
425 3341 531 3395 (lebiete
543 3343 587 3396 der
599 3344 674 3410 prela·
758 3343 816 3406 itta,
834 3342 945 3394 nimliclr
963 3345 1090 3408 cogitata.

164 3407 263 3460 tisohen
276 3408 467 3462 Beredsamkeit
484 3410 612 3478 geliofige
624 3411 673 3463 Re·
757 3414 905 3476 utrimque,
924 3411 1035 3462 nimlieh
1053 3427 1088 3461 erc
1105 3412 1234 3460 memorio

164 3476 281 3537 deusart;
298 3477 351 3544 vgl.
364 3481 387 3538 t,
402 3480 442 3529 30.
636 3522 639 3532 ,
724 3479 776 3537 und
793 3493 827 3529 en
844 3481 967 3542 mame,
986 3479 1037 3544 vgl.
1058 3482 1080 3542 1,
1102 3480 1157 3531 tet.

197 3543 671 3610 renitereturrepodierebeitiolnt.
761 3550 782 3598 t.
800 3548 830 3596 in
848 3546 1001 3612 publicum,
1018 3541 1086 3599 ‘num
1104 3545 1234 3612 ellgennci

164 3629 210 3664 nur
237 3628 268 3664 an
294 3613 379 3666 dieser
401 3612 498 3678 stelle,
524 3613 604 3666 osteis
630 3615 672 3666 bei
724 3608 910 3679 nenNutnen‘,
929 3613 1234 3676 heissicerodelnr.2,8

163 3680 259 3745 Cicero,
277 3695 322 3747 gar
339 3682 411 3733 nicht
429 3680 470 3732 bei
487 3682 570 3734 Gisar.
722 3684 753 3732 io
769 3695 914 3743 commemo,
937 3695 992 3734 was
1010 3682 1035 3733 ln
1053 3681 1098 3734 der
1115 3683 1233 3749 spitereu

196 3765 250 3800 non
266 3777 302 3791 ψ-
317 3753 416 3815 meant,
435 3749 476 3801 ein
494 3749 534 3802 bis
549 3764 594 3802 zur
605 3749 674 3801 uuna
723 3749 779 3801 Zeit
796 3748 913 3802 denebeu
930 3749 965 3801 ina
984 3749 1131 3803 Gebrauche
1148 3750 1190 3802 ist.

164 3814 260 3869 kelheit
285 3817 439 3886 gedr'dngter
465 3817 611 3876 Ausdruclr;
640 3831 671 3870 au
756 3819 860 3868 intrare
877 3845 910 3858 -
926 3820 1019 3884 poerit.
1058 3817 1108 3874 Itos
1133 3817 1234 3870 Gleiolr·

163 3882 220 3935 dem
238 3889 322 3938 ersten
339 3902 394 3938 eoo
416 3887 451 3938 ist
469 3897 514 3938 aus
530 3885 590 3938 dem
607 3884 672 3937 Vor-
723 3884 762 3937 nis
781 3885 815 3937 ist
832 3886 878 3938 mit
896 3885 941 3938 der
955 3887 997 3938 bei
1010 3886 1094 3948 Quint.
1112 3885 1233 3952 hiufigcn
