2918 4564
193 223 213 264 '
233 255 275 314 54
598 253 705 306 curor
724 253 741 306 r.
761 253 777 320 g
798 255 941 308 rra-uo.

233 399 426 510 paucissimos
448 427 542 489 adhuc
566 427 740 505 eloquentes
754 426 869 487 litterae
884 425 1034 487 Romanae
1053 425 1195 486 tulerunt.
1226 425 1306 486 ldem

233 515 323 594 igitur
337 514 375 574 M.
391 512 558 584 Tullius,
582 513 632 590 qui
647 511 767 590 ubique,
784 512 871 571 etiam
886 512 916 572 in
933 511 989 571 hoc
1006 527 1096 590 opere
1112 509 1243 572 Platonis
1258 529 1307 571 ac·

233 599 330 660 mulus
344 598 448 660 extitit.
478 597 623 676 Egregius
637 615 707 657 vero
719 595 871 680 multoque
883 613 971 680 quam
984 596 1013 656 in
1027 595 1211 657 orationibus
1221 613 1307 676 prae-

233 683 359 746 stantior
374 683 516 744 Brutus
531 681 647 743 suffecit
661 682 787 761 ponderi
802 699 920 758 rerum;
936 681 1010 742 scias
1022 699 1089 742 eum
1105 681 1216 742 sentire
1232 699 1306 759 quae

182 782 225 832 114
234 769 314 830 dicit.
343 767 469 848 Scripsit
483 787 544 829 non
560 785 665 847 parum
679 767 771 827 multa
791 766 999 827 Cornelius
1020 766 1168 839 Celsae,
1191 765 1308 828 Sextios

234 862 362 926 secutus,
385 872 446 914 non
470 852 534 914 sine
556 853 637 913 cultu
658 871 693 912 ac
714 852 821 912 nitore.
851 851 1012 912 Plautus
1034 851 1064 911 in
1085 849 1192 912 Stoicis
1206 869 1307 912 rerum

234 939 398 1020 cognitioni
414 937 504 999 utilis.
535 937 569 998 lu
585 937 740 1017 Epicureis
754 937 825 998 levis
840 937 958 1015 quidem
981 937 1031 997 sed
1048 955 1109 997 uon
1126 935 1306 997 iniucundus

182 1037 224 1088 125
234 1035 332 1087 tamen
347 1033 451 1084 auctor
466 1031 510 1084 est
525 1021 664 1084 Catius.
694 1022 738 1082 Ex
753 1022 897 1083 industria
913 1022 1095 1082 Senecam
1111 1021 1141 1081 iu
1159 1021 1239 1082 omni
1255 1039 1306 1100 ge·

234 1127 306 1172 nere
322 1108 509 1187 eloquentiae
524 1108 623 1169 distuli
638 1116 762 1187 propter
776 1107 921 1186 vulgatam
932 1107 1005 1166 falso
1017 1108 1054 1167 de
1065 1125 1112 1167 me
1125 1105 1306 1185 opinionem,

234 1213 293 1274 qua
307 1195 449 1255 damnare
465 1211 533 1253 eum
545 1201 574 1255 et
584 1193 712 1255 invisum
724 1211 843 1271 quoque
855 1191 965 1252 habere
978 1210 1043 1252 sum
1055 1191 1193 1252 creditus.
1221 1190 1307 1262 Quod

234 1279 340 1342 accidit
360 1278 446 1351 mihi,
468 1279 538 1339 dum
562 1287 737 1357 corruptum
758 1289 787 1338 et
806 1277 944 1339 omnibus
958 1277 1035 1338 vitiis
1049 1278 1174 1336 tractum
1190 1275 1306 1337 dicendi

233 1383 328 1445 genus
343 1381 482 1424 revocare
498 1363 533 1424 ad
547 1364 694 1425 severiora
710 1363 815 1424 iudicia
832 1363 990 1423 contendo.
1021 1361 1098 1423 Tum
1114 1369 1211 1422 autem
1227 1361 1308 1423 solus

181 1450 280 1511 ttuhic
292 1450 354 1510 fere
372 1448 402 1509 iu
423 1448 560 1510 manibus
571 1448 805 1509 adulescentium
817 1449 880 1508 luit.
911 1447 1006 1518 Quem
1018 1465 1079 1507 non
1095 1446 1233 1526 equidem
1244 1465 1308 1507 om-

232 1536 306 1597 niuo
317 1533 448 1595 conabar
459 1543 597 1594 excutere
608 1533 659 1594 sed
671 1532 838 1612 potioribus
849 1533 991 1613 praeferri
1003 1551 1065 1594 nou
1077 1532 1221 1606 sinebam,
1234 1549 1308 1610 quos

232 1620 281 1681 ille
303 1638 364 1680 nou
387 1618 537 1680 destiterat
557 1619 715 1693 incessere,
738 1637 805 1678 cum
828 1618 934 1680 diversi
957 1617 1014 1678 sibi
1036 1617 1174 1678 conscius
1189 1617 1308 1695 generis

232 1704 350 1783 placere
373 1722 405 1764 se
429 1703 607 1764 indicendo
633 1722 735 1783 posse,
763 1703 871 1782 quibus
893 1703 933 1763 illi
956 1702 1125 1782 placerent,
1151 1700 1306 1764 diffideret.

233 1787 378 1850 Amabant
394 1797 494 1849 autem
510 1807 578 1849 eum
592 1789 685 1868 magis
700 1807 788 1867 quam
805 1787 1005 1860 imitabantur,
1028 1796 1204 1866 tantumque
1220 1787 1257 1847 ab
1272 1807 1307 1848 eo

183 1884 224 1936 121
236 1872 406 1935 defluebant
417 1883 562 1952 quantum
573 1874 625 1934 ille
636 1874 672 1934 ab
685 1874 814 1952 antiquis
826 1873 1029 1934 descenderat.
1060 1872 1150 1933 Forat
1164 1871 1242 1932 cuim
1255 1891 1308 1954 op-

234 1960 365 2033 tandum,
387 1976 473 2039 pares
497 1968 548 2020 aut
570 1959 672 2020 saltem
687 1959 839 2039 proximos
861 1957 904 2019 illi
919 1958 982 2018 viro
997 1957 1071 2018 fieri.
1103 1957 1164 2018 Sed'
1176 1957 1309 2036 placebat

234 2053 358 2125 propter
372 2045 434 2105 sola
448 2044 526 2117 vitia,
542 2053 571 2105 et
585 2046 620 2105 ad
636 2063 716 2106 ease
739 2045 864 2124 quisque
880 2041 1024 2122 dirigebat
1039 2042 1217 2122 effingenda,
1233 2061 1308 2122 quae

233 2138 364 2210 poterat;
381 2130 488 2190 deinde
503 2148 571 2190 cum
583 2149 614 2191 se
626 2130 750 2191 iactaret
761 2130 865 2191 eodem
876 2128 965 2192 modo
977 2128 1085 2202 dicere,
1102 2128 1246 2192 Senecam
1261 2129 1308 2189 in-

182 2225 224 2277 118
233 2213 369 2276 lamabat.
400 2213 490 2275 Cuius
506 2222 534 2274 et
549 2215 657 2275 multae
672 2215 781 2294 alioqui
797 2224 827 2276 et
840 2231 963 2292 magnae
977 2214 1100 2274 virtutes
1115 2214 1246 2289 luerunt,
1262 2214 1309 2276 in-

233 2300 353 2378 genium
375 2298 460 2359 facile
481 2306 510 2359 et
534 2300 697 2378 copiosum,
719 2300 881 2378 plurimum
902 2298 999 2372 studii,
1016 2297 1107 2358 multa
1122 2290 1223 2359 rerum
1239 2317 1308 2380 cog·

234 2383 324 2460 nitio;
339 2383 370 2444 iu
383 2401 440 2464 qua
452 2391 550 2444 tamen
564 2382 721 2463 aliquando
733 2385 769 2444 ab
785 2385 841 2458 his,
855 2383 964 2462 quibus
975 2383 1154 2461 inquirenda
1166 2385 1308 2462 quaedam

232 2469 399 2543 mandabat,
421 2470 563 2548 deceptus
578 2477 630 2530 est.
661 2470 807 2530 Tractavit
828 2469 915 2530 etiam
931 2486 1050 2530 omnem
1065 2470 1127 2531 lere
1142 2467 1310 2530 studiorum

181 2563 223 2615 119
232 2554 394 2616 materiam.
423 2554 496 2614 Nam
512 2563 542 2615 et
557 2555 707 2616 orationes
723 2554 786 2616 eius
804 2563 833 2615 et
847 2561 983 2634 poemata
999 2561 1028 2614 et
1042 2554 1183 2632 epistolae
1203 2563 1233 2615 et
1245 2554 1309 2616 dia-

233 2640 293 2720 logi
315 2641 462 2700 feruntur.
499 2638 533 2701 ln
555 2639 742 2720 philosophia
763 2657 869 2720 parum
891 2639 1025 2718 diligens,
1048 2639 1184 2719 egregius
1209 2648 1308 2700 tamen

233 2725 371 2786 vitiorum
382 2725 543 2786 insectator
553 2725 617 2786 fuit.
647 2725 755 2788 Multae
766 2725 796 2786 in
810 2744 845 2785 eo
857 2724 1013 2802 claraeque
1025 2723 1199 2800 sententiae,
1218 2725 1310 2787 multa

269 2843 326 2894 113.
344 2845 393 2906 qui
407 2843 514 2908 eoique,
530 2841 583 2906 vgl.
601 2842 618 2906 ᾖ
638 2844 693 2894 loe.
834 2839 957 2906 Pleume,
974 2839 1019 2891 cler
1036 2838 1116 2892 Name
1133 2840 1167 2892 ist
1184 2841 1310 2894 unsiclrer.

268 2910 378 2973 Brutus,
396 2909 449 2974 agl.
467 2911 483 2974 ς
502 2911 543 2960 23.
834 2909 932 2971 Caene,
950 2907 1116 2974 Zeitgenosse
1134 2907 1250 2974 Ciceros,
1268 2909 1310 2961 ein

271 2978 327 3028 124.
345 2991 399 3027 nou
415 2991 514 3042 parum
524 2976 619 3028 multe.
646 2975 747 3028 llbenso
797 2976 914 3028 lnsubrer
932 2990 983 3027 von
1002 2974 1105 3034 Geburt.

235 3042 276 3106 Vl,
295 3045 319 3106 2,
338 3047 366 3102 3;
391 3043 462 3107 eine,
485 3043 569 3096 aulser
589 3045 630 3096 bei
649 3044 746 3109 (licere,
834 3046 890 3095 125.
909 3043 1021 3108 Seneca,
1039 3043 1064 3095 t.
1083 3043 1215 3110 Annaeus,
1240 3043 1310 3097 Sohn

235 3111 307 3164 niclrt
324 3110 422 3163 seltene
440 3111 544 3164 litotes.
797 3112 843 3163 <les
867 3110 965 3163 Rhetor
985 3111 1106 3164 Annaeus
1130 3111 1239 3175 Seneca,
1266 3127 1311 3179 ge·

270 3179 407 3231 Cornelius
420 3179 516 3244 Celsen,
527 3179 567 3243 A,
579 3180 746 3246 Zeitgenosse
797 3179 876 3232 boren
895 3195 926 3230 zu
944 3179 1060 3230 Corduba
1083 3180 1109 3230 in
1127 3178 1240 3246 Spanien
1266 3195 1309 3232 um

234 3248 281 3300 des
298 3247 423 3310 Tiberius,
446 3249 487 3299 ein
505 3248 653 3300 beruhmter
670 3245 748 3314 Poly·
800 3250 815 3300 2
834 3263 858 3298 n.
877 3246 933 3300 Clu.
956 3247 1096 3312 gestorbeu
1114 3251 1154 3313 65,
1178 3263 1199 3300 s.
1218 3248 1311 3300 Einlei-

235 3316 332 3376 luston
350 3331 401 3367 von
419 3316 507 3368 seinen
521 3315 649 3368 Schriften
666 3315 700 3366 ist
711 3314 748 3366 al·
799 3317 864 3380 tung
881 3313 907 3366 S.
928 3317 967 3367 11.
1249 3311 1253 3320 “

235 3385 288 3435 lelu
300 3384 365 3437 noch
378 3385 453 3435 dere
465 3383 661 3450 mediceubrig.
689 3380 748 3448 Vgl.
833 3389 999 3448 comptum,
1015 3377 1213 3435 ‘verschrobeu'.
1315 3389 1319 3394 '

236 3452 253 3519 fi
272 3454 312 3505 23.
836 3453 892 3502 127.
904 3451 989 3502 Feret
1001 3480 1035 3488 -
1049 3451 1200 3516 optandum.
1218 3450 1246 3502 ln
1259 3451 1311 3502 die-

270 3519 387 3572 Sectiee.
416 3519 486 3572 Zwei
499 3518 589 3582 Sextii,
606 3516 685 3570 Veter
696 3517 749 3570 und
800 3532 841 3570 ser
858 3517 996 3584 Wendung
1013 3518 1077 3586 liegt
1094 3519 1151 3571 eine
1169 3518 1236 3572 holte
1248 3519 1310 3571 llei-

237 3588 316 3653 Sohn,
333 3588 517 3655 Zeitgenossen
539 3587 584 3639 des
602 3586 679 3639 Giser
696 3585 749 3638 und
800 3600 870 3652 nung
887 3587 933 3639 dee
945 3586 1030 3647 Quint.
1048 3601 1107 3640 vom
1121 3587 1226 3652 Seneca,
1244 3587 1311 3640 elenu

236 3656 376 3722 Augustus,
395 3657 531 3723 Anhlnger
543 3655 587 3708 der
599 3654 749 3722 pythagori·
800 3653 846 3706 das
858 3654 962 3774 Jmffer-f'
982 3655 1056 3736 Geni·
1070 3654 1232 3722 bezeichnet,
1256 3655 1311 3708 dala

237 3725 316 3775 schen
337 3724 429 3789 Lelue,
455 3739 507 3776 von
532 3723 613 3776 denen
641 3729 749 3774 eisterer
801 3722 881 3774 erdre
912 3723 1104 3788 rlullungemes
1117 3721 1312 3776 solcheann·

238 3806 269 3842 zu
292 3791 375 3845 seiner
393 3793 449 3845 Zeit
469 3794 495 3844 in
519 3793 612 3845 lrolrem
628 3789 749 3842 Ansehen
800 3790 876 3842 sches
893 3790 960 3844 (loch
977 3791 1018 3842 sur
1035 3791 1107 3843 nicht
1118 3791 1230 3857 moglich
1244 3791 1311 3854 halt,

236 3857 321 3910 stand.
801 3857 902 3909 eunuch
919 3858 1031 3926 velle&
1052 3861 1108 3911 130.

273 3927 344 3977 culto
361 3929 508 3991 conitere,
526 3942 546 3979 s.
565 3928 581 3992 ἦ
601 3929 625 3978 9.
836 3927 893 3978 tta.
921 3929 1055 3977 orationes
1077 3955 1110 3964 —
1131 3932 1255 3991 pomata
1278 3955 1312 3964 -
