2918 4564
95 3961 122 4028 δ

540 219 647 272 CAPUT
665 219 703 273 ΙΙΙ.
722 221 737 285 ᾖ
772 222 830 272 -6,
1180 215 1220 278 63

149 405 221 470 tore,
237 395 419 476 adsignando
435 397 576 460 iudicium
592 415 679 458 suum
695 414 763 458 cunr
778 396 855 458 illius
866 396 1040 458 auctoritate
1055 391 1218 457 coniunxit

147 479 344 546 scribendum
361 500 431 561 ergo
447 500 535 560 quam
549 481 773 562 diligentissime
795 488 825 543 et
840 499 928 560 quarn
946 480 1116 559 plurimum.
1146 477 1219 540 Nam
1241 487 1256 538 n

148 575 179 628 ut
194 574 273 627 terra
288 566 344 628 alte
360 561 465 629 eilossa
486 567 664 646 generandis
686 567 857 646 alendisque
879 565 1042 627 seminibus
1063 561 1220 626 fecundior

146 653 193 724 fit,
208 650 252 711 sie
267 651 418 730 profectus
433 671 495 714 non
511 671 527 712 a
542 671 659 714 summo
676 653 786 732 petitus
796 653 962 718 studiorum
977 651 1092 712 lructus
1107 656 1136 711 et
1150 649 1220 708 inn-

148 736 190 798 dit
205 733 326 797 uberius
342 737 501 805 etfidelius
511 738 659 800 'continet
689 737 763 799 Nam
777 738 842 800 sine
856 737 912 797 hac
929 735 1048 816 quidem
1063 733 1220 797 conscien-

148 822 187 884 tia
202 821 264 901 ipsa
279 819 326 881 illa
342 803 378 884 clx
392 830 527 902 ternpore
543 823 660 886 dicendi
680 823 800 900 facultas
818 823 939 884 inanem
953 821 1043 884 modo
1058 817 1220 900 loquacita-

149 915 205 968 tem
223 904 302 967 dabit
318 916 347 968 et
361 907 450 968 verba
464 909 496 968 in
512 907 601 972 labris
623 907 783 972 nascentia.
814 908 878 970 lllio
892 907 1015 981 radices,
1039 907 1098 968 illic
1113 903 1219 968 lunda·
1240 911 1255 962 3

149 989 247 1053 menta
262 1000 342 1066 suut,
363 991 423 1054 illic
444 1011 514 1074 opes
534 994 614 1056 velut
634 993 781 1056 sanctiore
795 993 923 1072 quodam
944 990 1058 1054 aerario
1074 989 1219 1062 conditae,

149 1076 227 1138 unde
242 1076 278 1135 ad
294 1076 407 1138 subitos
419 1097 538 1157 quoque
550 1097 644 1152 casus,
664 1097 733 1141 curn
743 1096 792 1140 res
803 1079 909 1158 exiget,
921 1078 1121 1158 proferantur.
1137 1075 1221 1136 Vires

149 1160 288 1222 faciamus
304 1169 372 1222 ante
393 1163 501 1238 omnia,
524 1183 599 1242 quae
620 1164 768 1226 sufficiant
785 1163 880 1226 labori
903 1163 1099 1224 certaminum
1120 1169 1151 1222 et
1165 1174 1220 1222 asu

149 1265 210 1308 non
228 1247 447 1314 exhauriantur.
477 1249 555 1311 Nihil
570 1250 649 1310 eninr
665 1268 766 1312 rerum
781 1249 843 1329 ipsa
855 1257 960 1310 natura
974 1247 1066 1309 voluit
1081 1261 1222 1325 magnum
1235 1254 1258 1324 ,t

150 1331 227 1392 effici
242 1333 299 1393 cito
315 1334 544 1414 praeposuitque
565 1335 765 1414 pulcherrimo
781 1335 889 1413 cuique
905 1333 989 1413 operi
1004 1332 1220 1404 difficultatem

151 1434 225 1494 quae
247 1419 387 1479 nascendi
408 1437 527 1498 quoque
545 1420 622 1481 hanc
642 1420 746 1481 lecerit
767 1419 872 1498 legem,
894 1428 928 1480 ut
947 1418 1059 1480 maiora
1085 1415 1221 1478 animalia

150 1500 259 1562 diutius
274 1502 435 1564 visceribus
449 1505 580 1582 parentis
595 1505 831 1566 continerentur.

237 1587 293 1648 Sed
306 1589 422 1650 comsit
433 1588 541 1667 duplex
553 1589 694 1668 quaestio,
707 1589 856 1668 quomodo
868 1596 898 1649 et
907 1607 983 1667 qnae
994 1587 1120 1650 maxime
1130 1585 1220 1648 scribi

152 1681 297 1750 oporteat,
317 1672 374 1732 iam
398 1673 468 1734 hinc
491 1674 626 1736 ordinem
647 1693 765 1753 sequar.
795 1675 839 1736 Sit
852 1674 951 1753 primo
974 1674 1018 1736 vel
1032 1673 1134 1734 tardus
1147 1671 1220 1732 ¹(lum
1241 1678 1256 1727 t

152 1755 277 1834 diligens
299 1756 390 1831 stilus,
413 1777 588 1837 quaeramus
608 1760 719 1839 optima
740 1777 796 1822 nec
817 1759 956 1840 protinus
979 1757 1173 1820 oilerentihus
1188 1775 1221 1818 se

152 1830 352 1918 gaudeamus(
365 1844 539 1906 adhiheatur
565 1843 705 1906 iudicium
731 1845 875 1919 inventis,
901 1844 1053 1924 dispositio
1079 1842 1220 1922 probatis.

152 1925 288 1988 Delectus
304 1928 383 1988 enim
398 1947 498 1990 rerunt
520 1929 739 2009 verborumque
755 1931 887 2010 agendus
908 1936 953 1990 est
967 1931 997 1990 et
1010 1927 1144 2007 pondera
1158 1927 1220 1988 sin·

152 2009 290 2088 gulorum
305 2013 507 2075 examinanda.
538 2015 605 2076 Post
616 2014 806 2087 subeatratio
818 2012 994 2076 conlocandi
1006 2020 1221 2090 versenturque

152 2096 233 2156 omni
249 2096 337 2158 modo
353 2099 479 2180 numeri,
500 2118 561 2160 non
584 2109 616 2160 ut
637 2099 776 2179 quodque
798 2119 829 2161 se
847 2099 979 2179 proferet
992 2095 1116 2160 uerbum
1131 2114 1221 2158 occu·

152 2189 203 2260 pet
220 2180 328 2244 locum.
370 2177 451 2254 Ouhe
473 2185 591 2262 quidem
612 2193 645 2246 ut
666 2185 836 2264 diligentius
856 2201 1045 2263 exequamur,
1061 2181 1259 2261 repetendae

152 2329 255 2382 werden
276 2346 327 2383 uon
347 2331 432 2392 Quint.
455 2332 605 2388 winderholt
624 2351 661 2388 er·
712 2337 758 2388 des
775 2333 919 2387 rdmischen
937 2332 1140 2386 Staatsschatzes
1158 2331 1224 2386 hiels

152 2398 247 2450 witlant.
324 2459 330 2468 ¹
711 2407 839 2467 sanemur,
852 2401 965 2453 welcher
975 2417 1022 2453 nur
1034 2402 1061 2452 in
1070 2400 1119 2453 den
1129 2400 1223 2453 inuiser-

188 2469 212 2518 2.
247 2466 317 2518 Nom
334 2496 367 2506 ·-
382 2472 507 2525 conanae
542 2469 614 2524 Denn
632 2487 661 2526 so
714 2478 771 2526 sten
788 2470 919 2523 Notl’allen
941 2468 1055 2534 gedllnet
1079 2468 1179 2531 wurde,
1202 2483 1223 2520 s.

152 2535 203 2584 wie
226 2535 266 2584 ein
289 2535 337 2586 tiel
353 2537 557 2602 anigelockerter
575 2539 662 2592 Boden
714 2541 786 2593 Caes.
804 2538 832 2590 B.
851 2555 873 2590 c.
891 2538 909 2603 l,
930 2541 967 2589 ll.

153 2600 310 2654 fruchtbarer
328 2603 392 2655 wird
404 2620 447 2656 nm
458 2605 552 2659 Sauten
560 2607 664 2660 hervor-
750 2613 819 2658 et-
831 2622 893 2670 non,
911 2605 971 2655 weil
983 2604 1024 2656 die
1036 2603 1164 2670 Negation
1177 2617 1223 2654 nur

154 2669 278 2735 sprielsen
299 2684 330 2721 zu
349 2671 433 2724 lassen
455 2674 507 2725 und
524 2690 555 2725 zu
575 2675 664 2728 erniah·
716 2692 746 2728 zu
772 2674 829 2726 dem
847 2671 1049 2738 Verbalbegriiie
1073 2671 1118 2724 des
1141 2669 1225 2722 Nach-

153 2753 211 2801 ren,
235 2751 264 2789 so
283 2738 391 2804 spondet
408 2741 449 2792 ein
467 2740 664 2808 Fortschreiten‚
715 2741 808 2796 drucks
821 2740 1036 2808 wesenbezogen
1047 2739 1150 2792 werden
1161 2738 1224 2800 soll;

153 2805 266 2856 welches
290 2806 344 2857 sich
369 2807 440 2860 nicht
464 2809 509 2862 aui
524 2809 569 2862 der
586 2809 665 2864 Oher-
715 2811 767 2876 vgl.
786 2811 809 2873 7,
829 2811 870 2862 33.

154 2872 235 2924 dicho
246 2873 308 2937 hill,
318 2874 458 2930 derArbeit
467 2875 663 2932 Frhchtereich-
749 2882 870 2932 ererum
881 2880 940 2944 ipsa
951 2880 1058 2938 contro,
1071 2874 1224 2928 bezeichnet

153 2942 233 2993 lichen
251 2942 302 2993 und
315 2943 431 2996 bewahrt
444 2945 481 2997 sle
494 2947 664 3012 getreulicher
716 2945 882 2999 ehensowohl
895 2944 937 2996 die
950 2942 1020 2996 Welt
1037 2943 1075 2996 als
1088 2943 1129 2996 die
1145 2941 1225 2995 Schel-

153 3009 279 3074 (Becher).
715 3014 847 3081 pierkralt‚
865 3013 918 3080 vgl.
937 3014 952 3078 ς
971 3014 1011 3066 26.

83 3139 87 3146 Ι
184 3073 509 3144 profectuq‘llortschrilt'
529 3083 581 3149 vgl.
594 3086 609 3149 ξ
624 3088 664 3151 15,
747 3085 956 3150 praeposuitque
972 3109 1006 3118 -
1024 3079 1224 3142 difficultatem:

153 3145 252 3198 kommt
270 3148 295 3198 iu
308 3146 391 3200 dieser
403 3147 556 3218 Bedeutnng
571 3151 612 3204 hei
625 3152 664 3204 Gi·
716 3167 767 3218 qua
775 3151 817 3204 hei
827 3148 1081 3214 Satzverbindungen
1091 3146 1156 3200 nach
1168 3161 1226 3197 vor-

156 3229 213 3266 cem
232 3215 301 3266 nicht
319 3232 372 3268 vor.
716 3219 877 3285 angehender
887 3216 1015 3282 Negation
1027 3216 1072 3267 hat
1084 3212 1124 3267 olt
1136 3213 1224 3264 adver-

189 3299 205 3332 o
224 3297 338 3346 summo,
356 3278 417 3336 ‘von
435 3285 480 3338 der
496 3283 663 3343 Oberlliache‘.
715 3289 797 3340 sative
811 3286 970 3350 Bedeutung‚
985 3284 1037 3350 vgl.
1048 3283 1099 3336 Cic.
1110 3280 1141 3333 de
1153 3279 1196 3333 nii.
1206 3280 1226 3344 1,

191 3351 240 3398 hac
258 3355 428 3418 conscientia,
447 3358 511 3406 statt
529 3357 608 3408 huius
625 3361 666 3408 ret·
716 3353 1225 3420 25,uznoqoooperautpoesnuamoon-

155 3431 255 3479 conec,
286 3417 408 3485 Enallage
435 3420 480 3472 des
506 3421 665 3478 Pronomens
714 3427 861 3476 sectabitur
877 3427 1030 3486 totumque
1045 3435 1104 3472 eum
1120 3419 1224 3496 (remp.)

156 3489 219 3536 statt
236 3485 281 3536 des
300 3485 362 3538 Gen.
381 3487 445 3550 obi,
465 3490 605 3542 besonders
623 3491 664 3544 hei
715 3494 754 3542 aie
777 3494 904 3544 tuebitur.
945 3487 995 3541 Der
1015 3485 1137 3540 Godanlic
1161 3499 1226 3536 erin·

156 3569 230 3617 ctera,
249 3557 336 3619 umor,
354 3569 420 3620 spes,
434 3556 477 3608 bei
490 3558 606 3610 welchen
619 3557 666 3612 Be·
718 3563 774 3612 neri
797 3574 829 3611 an
848 3558 888 3610 die
907 3555 1054 3610 bekannten
1072 3553 1161 3605 Worte
1178 3551 1226 3603 lle-

158 3621 247 3687 grilien
271 3623 336 3676 auch
354 3623 398 3674 der
416 3622 539 3676 deutsche
557 3625 666 3694 Sprach-
718 3626 801 3678 siods:
816 3627 883 3696 ἔργα
896 3625 927 3676 V.
943 3627 1005 3678 289:
1023 3623 1071 3687 τῆς
1085 3616 1115 3674 δ’
1134 3614 1227 3692 ἀρετῆς

156 3690 283 3755 gebrauch
302 3690 339 3742 oit
357 3691 665 3756 damitrihereinstimmt;
718 3691 822 3764 ἱδρῶτα
848 3693 911 3746 θεοὶ
941 3688 1132 3763 προπάροιθεν
1159 3687 1226 3752 ἔθη-

156 3758 207 3824 vgl.
230 3759 248 3824 l,
269 3761 308 3823 10,
327 3762 371 3813 28:
395 3760 466 3812 Haec
493 3764 519 3812 ei
541 3777 608 3814 cura
632 3791 666 3800 -
718 3781 776 3814 καν,

154 3825 266 3890 profuit.
596 3837 599 3844 ·
751 3835 775 3884 5.
794 3831 858 3882 dum
876 3829 1002 3894 diligens,
1020 3827 1087 3880 ohne
1107 3823 1225 3888 Verbum,

191 3896 526 3952 emanatura-aerario.
551 3897 598 3950 Ein
609 3895 664 3952 Teil
718 3899 767 3954 wie
787 3903 808 3962 1,
828 3900 860 3952 94
878 3897 921 3949 bei
938 3896 1062 3966 quamvis,
